2932 5206
822 474 911 524 sar.
937 477 984 542 1.‚
1009 455 1065 548 49.

326 731 488 824 qiramvis
513 727 618 799 nobis
638 749 734 820 soepe
756 729 916 818 dicatur,
949 729 1091 818 „belle“
1113 739 1148 800 et
1172 727 1321 835 „festive
1343 731 1404 800 ni·-

325 839 466 935 mium“
499 885 594 954 saepe
617 862 722 951 nolo,
756 847 973 958 quamquam
994 861 1057 932 illa
1080 863 1160 958 ipsa
1181 860 1404 934 exclamatio:

327 1006 561 1092 „nonpotest
574 995 727 1068 melius“
753 999 799 1076 sit
814 997 924 1072 velim
942 997 1108 1070 crebras<
1156 997 1215 1072 De
1231 995 1406 1068 acclama-

245 1159 248 1165 ·
324 1134 465 1210 tionum
481 1153 568 1218 usu,
591 1153 789 1226 earumque
805 1122 972 1224 pers'onis
986 1145 1023 1204 et
1035 1134 1163 1222 rebus,
1195 1133 1323 1227 quibus
1336 1131 1406 1202 fie-

322 1275 424 1360 rent,
449 1267 599 1336 minime
615 1267 914 1340 convenientibus
937 1267 1102 1338 formulis
1121 1267 1172 1338 ita
1194 1264 1406 1339 Plutarchus

194 1496 196 1505 Ι
324 1399 371 1468 de
384 1397 576 1471 Auditione
591 1425 624 1496 9.
677 1402 776 1493 „Qui
790 1425 887 1472 nunc
901 1401 1086 1492 inusitatas
1101 1402 1140 1474 in
1155 1401 1331 1473 auditoria
1345 1401 1407 1468 in·
1423 1433 1424 1450 π

322 1533 520 1603 troducunt
538 1558 663 1620 voces,
690 1500 775 1602 dum
793 1529 1007 1602 acclamant:
1042 1535 1253 1622 „difinitum
1286 1534 1407 1606 divino

311 1665 503 1778 ‘instincitij
516 1663 916 1744 inimitabiliterfflumr,
934 1680 1178 1750 desperemus,
1196 1655 1407 1749 onenariae)

320 1789 422 1892 quasi
438 1822 480 1902 ee
494 1821 577 1868 non·
586 1799 775 1887 sufficiant,
800 1794 930 1890 quibus
944 1790 1063 1880 Pluto,
1089 1795 1255 1866 Socrates
1269 1805 1306 1865 et
1318 1794 1408 1892 Hy-

319 1931 467 2026 perides
480 1933 538 2004 usi
553 1943 636 2006 sunt
655 1931 803 2004 laudum
822 1907 984 2001 indiciis:
1014 1925 1185 2020 pulchre,
1216 1919 1408 2022 sapienter,

320 2090 411 2155 pere
438 2077 584 2154 (natae,
601 2095 730 2150 σοφωσ,
749 2075 909 2150 duvone)
940 2064 968 2133 ti
991 2031 1271 2156 supramodum
1295 2061 1408 2134 inde-

320 2207 446 2266 center
463 2204 590 2286 agunt,
615 2194 848 2288 dicentesque
864 2197 1073 2284 traducunt,
1103 2191 1257 2292 quesibi
1273 2221 1408 2291 super-

318 2331 379 2400 b'ia
399 2325 547 2420 impulsi
571 2325 701 2396 nimias
722 2325 849 2398 laudes
871 2328 1090 2400 affectarent.
1160 2332 1409 2404 Vehementer

204 2446 208 2452 ¹
318 2462 427 2532 etiam
442 2431 584 2532 molesti
597 2468 682 2530 suut
690 2508 701 2546 ,
727 2461 790 2552 qui
805 2461 1040 2532 iureiurando
1057 2463 1227 2552 auriono,
1251 2463 1409 2536 velutin

318 2569 423 2686 fero,
444 2593 649 2665 testimonia
668 2593 869 2666 dicentibus
884 2593 1052 2668 reddunt.
1112 2595 1240 2688 Neque
1255 2591 1312 2664 his
1327 2598 1407 2664 mi-

316 2723 389 2802 nus¹
410 2725 459 2819 ii,
493 2732 556 2825 qui
578 2749 818 2823 personarum
840 2725 1014 2802 decorum
1030 2753 1105 2802 non
1119 2732 1285 2818 servant,
1317 2731 1410 2802 dum

318 2829 535 2959 philosopho
551 2864 762 2936 acclamant:
792 2864 926 2935 acriter
951 2873 1146 2952 (δριμεωι)
1171 2833 1265 2932 seni:
1283 2837 1410 2956 *inge-

217 3027 220 3034 ’
309 3000 420 3077 ¹niose
449 3011 626 3085 (ἑυφυωσ)
652 3009 715 3070 aut
735 2999 865 3106 floride
889 3009 1148 3082 (ovonem.
1175 2995 1409 3089 orationique

317 3137 422 3205 serise
441 3133 653 3204 amatorium
669 3133 813 3206 leudem
830 3131 1154 3218 accommodantes,
1184 3130 1339 3228 perinde
1363 3155 1411 3203 ae

315 3265 348 3335 si
364 3266 444 3356 quis
461 3263 602 3334 adtletae
616 3243 756 3338 sertum
771 3267 932 3337 liliorum
940 3287 1199 3372 rosarumque,
1223 3287 1298 3336 non
1310 3265 1411 3336 lauri

315 3403 377 3461 aut
391 3391 537 3462 oleastri
552 3415 726 3466 coronam
739 3397 982 3488 imponeret.“
1031 3413 1124 3480 Σοφωε
1148 3399 1238 3470 dixit
1252 3397 1411 3469 Plutar-

270 3595 273 3600 i
315 3519 413 3598 c'huu
463 3505 869 3616 Frequenossima‘naee
890 3524 958 3592 suit
980 3525 1019 3592 in
1037 3525 1185 3597 Latinos
1209 3531 1411 3600 recitantes

316 3659 673 3735 emissa‘acclamutio.
725 3661 995 3731 Commemorat
1007 3679 1085 3726 eam
1100 3679 1175 3729 non
1192 3682 1266 3730 uno
1283 3661 1324 3731 in
1339 3660 1410 3733 lo-·

315 3773 359 3870 0'0
375 3793 570 3886 martino,
595 3820 629 3868 v.
649 3820 680 3866 ο.
697 3795 823 3889 Epigr.
843 3817 882 3882 1,
906 3793 948 3881 4,
975 3813 1007 3886 7.
1040 3815 1078 3882 1,
1101 3793 1169 3886 50,
1195 3795 1253 3889 57.
1284 3819 1317 3883 1,
1341 3795 1410 3890 67,

314 3935 349 4001 4.
367 3902 411 4021 1,1,
438 3957 498 4027 77,
523 3951 578 4003 ιο.
604 3933 638 4018 5,
664 3929 723 4018 46,
749 3931 782 4000 8.
805 3927 840 4017 6,
858 3927 917 4016 48,
947 3949 977 3996 1.
1030 3929 1191 4020 Grande,
1214 3953 1409 4024 magnum,

314 4066 574 4156 tergeminum,¹
593 4064 758 4135 insanum
776 4061 933 4157 appellat
946 4060 1015 4132 hoe
1029 4061 1186 4158 Sophos,
1210 4067 1310 4160 quod
1326 4089 1408 4138 non

314 4193 392 4263 sine
404 4217 535 4289 magna
547 4209 756 4271 etcontenta
768 4220 857 4270 noce
871 4195 1003 4271 fierent
1010 4191 1297 4284 acclamationes.
1312 4201 1348 4291 *)

214 4453 217 4462 “
334 4457 361 4539 ⁸)
395 4461 445 4520 De
458 4461 566 4542 plausu
581 4465 703 4530 Neroni
723 4467 793 4528 dato
809 4463 853 4528 ita
868 4464 997 4528 Tacitus
1010 4444 1121 4529 Antio.
1142 4471 1179 4534 16
1187 4514 1197 4550 ‚
1217 4469 1307 4534 Μ.
1333 4465 1405 4545 „Et
