3052 5202
303 467 376 541 236
498 555 504 584 Ι
706 436 957 574 m.1''1'.,·71.

1159 587 1166 599 v
1226 607 1389 628 *nh—

380 769 439 839 7¹·
491 739 592 832 Quin
612 742 747 812 danim
770 737 813 812 id
830 741 979 838 superis
1005 736 1073 810 &o
1130 741 1387 812 Husumensis:

300 878 394 972 „boo
408 881 517 976 sup.“
540 879 639 950 Deos
656 899 729 948 non
747 899 894 964 munus,
917 877 979 952 sed
1002 887 1179 962 mentem,
1205 897 1279 946 nou
1303 874 1387 968 ple·-

299 1037 377 1102 nas,
405 1015 469 1083 sed
485 1033 595 1104 puras
610 1033 737 1083 manus
749 1011 945 1102 respicere,
970 1013 1075 1083 docet
1089 1009 1386 1106 gravissimahaeo

298 1148 419 1220 salinae
436 1145 639 1232 conclusio,
665 1167 746 1238 quae
760 1169 905 1216 sensum
920 1145 1000 1219 veri
1015 1157 1050 1216 et
1060 1147 1172 1217 saneti
1188 1146 1319 1240 prodii,
1344 1147 1384 1215 in

298 1279 430 1354 scholis
445 1278 608 1374 purioris
624 1275 866 1371 philosophias
886 1263 1073 1352 nutritum.
1124 1279 1190 1354 Est
1209 1280 1273 1349 illa
1292 1279 1383 1351 doo-

236 1457 238 1460 ·
297 1381 754 1510 miiiuPyilmgoraeorum,
779 1413 811 1483 si
835 1437 916 1484 eam
931 1413 1179 1487 Hierocles'iu
1195 1435 1384 1486 commen-

297 1548 393 1620 tario
425 1548 603 1618 sinceram
635 1545 842 1635 tradiderit,
882 1549 1027 1636 dicans,
1068 1573 1195 1621 verum
1220 1549 1383 1622 Deorum

296 1683 433 1753 cultum
441 1681 685 1752 studiumasse
696 1675 768 1751 illis
783 1694 859 1753 sese
872 1678 1143 1772 oonlomnandi3
1169 1681 1383 1752 offerentem

171 1827 175 1838 '
294 1815 388 1904 Diis,
403 1815 505 1910 quasi
521 1815 719 1908 egentibus,
743 1797 893 1898 munera
906 1839 945 1886 se
959 1813 1032 1886 illis
1044 1815 1221 1886 maiorem
1235 1825 1272 1884 et
1287 1837 1382 1906 per-

293 1951 481 2024 fectiorem
505 1951 666 2045 opinari3
699 1944 958 2022 sacrifieiis'vel
975 1947 1290 2044 sumptuosissimis
1303 1947 1380 2017 ho-

292 2107 423 2158 norem
436 2085 517 2158 Diis
532 2107 608 2156 nou
626 2085 808 2175 exbiberi,
834 2083 1035 2160 mathoen
1048 2087 1109 2180 pia
1123 2095 1242 2155 mente
1259 2079 1378 2176 proii-

291 2217 491 2307 ciaconium
522 2215 686 2290 victimas
706 2218 901 2292 stultorum
918 2220 964 2290 ad
977 2203 1139 2292 llanmias
1153 2219 1261 2290 modo
1276 2215 1380 2286 alen-

290 2343 591 2432 das'oonducoro‚
624 2357 661 2416 et
679 2348 775 2418 dona
791 2347 935 2440 templis
949 2347 1115 2417 dedicata
1130 2351 1248 2420 solnm
1264 2350 1380 2419 ditare

289 2475 503 2580 sacrilegos3
528 2478 687 2552 animum
702 2500 791 2553 vero
807 2479 852 2550 ad
868 2479 989 2551 divina
1003 2479 1211 2566 formatum,
1225 2481 1379 2572 Diisque

289 2592 432 2688 assidue
446 2581 609 2696 deditum
621 2637 683 2686 eos
698 2614 802 2686 nobis
818 2613 951 2686 amicos
961 2613 1133 2700 ¹reddere,
1153 2635 1236 2682 cum
1251 2610 1376 2680 similis

289 2745 398 2826 simili
412 2748 582 2840 gaudeam
607 2771 694 2828 vero
708 2748 820 2847 igitur
832 2745 1155 2850 sapientemsolum
1171 2747 1242 2816 dici
1253 2769 1377 2816 saeer-

289 2881 422 2970 dotam,
437 2882 578 2962 numini
596 2893 752 2982 gratum,
767 2883 986 2986 preoalionis
1003 2905 1263 2974 sacrorumque
1278 2903 1378 2952 ourae

288 2983 466 3106 peritum,
492 2987 577 3088 omn
597 3017 660 3096 ille
681 3018 800 3110 solus,
831 3015 930 3117 quod
953 3020 1000 3090 sit
1020 3018 1121 3112 pium
1144 3027 1183 3087 et
1202 3025 1377 3103 sonetum,

285 3149 433 3238 sentiat,
455 3121 621 3247 veriores
645 3155 690 3235 de
707 3155 857 3226 numine
872 3128 1086 3228 honorando
1096 3142 1268 3222 'notiones
1282 3173 1374 3218 con-

215 3363 219 3370 ·
283 3279 393 3370 cipiet
406 3291 458 3368 et,
483 3287 583 3374 quod
597 3290 794 3362 maximum
811 3300 876 3380 ost,
900 3309 979 3362 sese
992 3288 1072 3377 ipse
1091 3295 1273 3378 tamquam
1290 3282 1370 3356 vic-

281 3397 405 3480 timam
426 3427 633 3522 consecret,
680 3421 838 3490 animam
865 3441 968 3491 suam
994 3429 1174 3510 tamquam
1197 3415 1374 3506 templum

282 3543 427 3632 sistens,
451 3544 567 3626 divini
583 3541 731 3618 luminis
743 3552 912 3643 plenum3
937 3547 1029 3618 nihil
1044 3571 1133 3640 ergo
1147 3550 1186 3617 in
1200 3549 1373 3618 universa
1404 3534 1409 3542 ’

278 3703 408 3750 nerum
424 3689 553 3751 nalum
569 3680 741 3753 idoneum
758 3707 857 3772 esse,
880 3692 953 3777 quo
973 3681 1098 3754 divina
1120 3681 1239 3776 imago
1252 3681 1373 3753 effor-
1415 3719 1418 3727 ·

57 3891 61 3905 ¹
281 3826 421 3906 metor,
443 3816 513 3888 nisi
525 3839 656 3910 puram
671 3829 709 3890 et
723 3817 823 3912 piam
835 3828 992 3890 mentem
1001 3843 1011 3911 3
1043 3817 1127 3888 bino
1143 3815 1275 3888 dixisse
1291 3817 1372 3911 Py-

52 3920 59 4003 Ῑ
166 3955 172 3974 ’
279 3945 398 4022 lhium
420 3948 645 4044 Apollinem,
674 3963 911 4047 sequanum
936 3952 1117 4048 Olympo,
1140 3961 1279 4078 ianmm
1301 3951 1371 4044 piis

280 4081 491 4154 mortalibus
506 4085 730 4183 delectari‘l)¹
759 4085 883 4180 Lunx,
909 4084 1043 4188 discus,
1055 4087 1090 4158 in
1106 4109 1179 4180 quo
1194 4109 1318 4156 carnes
1333 4085 1369 4152 in

280 4187 467 4282 sabrificiis
485 4222 768 4314 reponebantur,
790 4221 955 4317 apstine,
973 4247 1054 4317 quae
1068 4221 1187 4294 fictilis
1202 4229 1291 4311 erat,
1308 4217 1368 4288 di-
1428 4202 1431 4210 ¹

295 4513 323 4582 ⁴)
358 4515 529 4584 Etwflmvt
543 4492 647 4584 [ipsum
662 4537 775 4590 γανιψω
792 4537 868 4574 socos·
885 4517 962 4576 ὅσσον
978 4515 1092 4588 o'lmnm·
1158 4519 1164 4542 ⁸
