2984 5204
542 436 815 520 sA'r.r.,180.
921 498 924 507 .
1037 457 1041 476 ⁴
1149 447 1222 533 475

134 580 295 596 *m

134 711 327 782 sublestarn
343 711 510 798 Patrum,
536 710 580 802 ab
596 710 893 784 Herodiooorurn
907 721 1010 780 aetate
1022 709 1129 805 longo
1145 713 1224 788 slis-

135 846 306 931 sitorum,
332 845 564 916 traditionem
578 856 740 934 secutos,
766 843 865 918 nullo
886 846 993 918 firmo
1008 846 1074 916 niti
1090 844 1226 918 sunda·-

135 991 278 1066 monto,
311 1001 455 1048 omnem
481 991 629 1070 soporat
650 981 779 1068 fidem,
805 981 944 1054 ludaeos
968 1006 1012 1050 eo
1034 980 1225 1074 prolapsos
1270 951 1284 976 ⁰

136 1135 213 1184 esse
230 1113 430 1202 dementiae,
454 1123 494 1183 ut
505 1113 690 1184 bominem
707 1101 954 1204 alienigenam,
969 1141 1034 1188 uec
1051 1117 1224 1203 Iudaeum,

136 1257 372 1342 agnoscerent
382 1271 454 1341 pro
469 1237 613 1334 Messio,
627 1269 737 1342 quern
751 1271 773 1318 o
788 1249 887 1318 tribu
901 1251 1013 1336 ludos,
1028 1262 1064 1320 et
1078 1253 1223 1344 quidem

136 1405 156 1452 e
178 1381 356 1474 progenie
378 1381 526 1455 Doridis
549 1381 750 1472 oriturum,
780 1383 872 1452 sacri
894 1383 1028 1452 codicis
1050 1397 1225 1454 noverant

136 1517 366 1586 auctoritate:
396 1517 519 1590 Mettis.
549 1537 607 1604 aa,
632 1519 690 1588 42.
741 1515 908 1604 Accedit,
938 1517 1036 1610 qnod
1055 1516 1225 1592 Herodes

134 1653 185 1722 M.
211 1661 286 1722 tum
311 1651 358 1722 ob
387 1650 670 1744 infanticidium,
708 1661 783 1720 turn
806 1651 852 1720 ob
876 1652 1029 1726 nimium
1049 1652 1224 1726 Romanis

133 1785 301 1878 placendi
315 1789 494 1873 studium,
518 1795 595 1858 turn
613 1786 658 1856 ob
674 1795 893 1856 examictum
906 1786 1081 1880 ternplum
1095 1791 1224 1860 Sama-

134 1920 309 2008 ritanorn,
333 1921 852 2003 ludaeis,.ci1nisessctexosus,
878 1919 966 1988 adeo
983 1930 1023 1988 ut
1036 1943 1106 2012 pro
1120 1921 1222 1992 Mes-

133 2055 188 2124 sio
218 2077 301 2124 enm
331 2075 526 2146 numquam
558 2061 678 2122 essent
697 2053 894 2146 excepturi.
937 2052 1019 2124 vid.
1042 2053 1223 2126 Gooduin

133 2191 253 2260 Moses
268 2199 304 2260 ot
316 2187 438 2261 Aaron
459 2211 490 2276 ι,
510 2185 566 2258 15.
592 2187 618 2260 Ι.
635 2187 681 2258 G.
702 2187 881 2279 Carpzow
896 2187 922 2258 Α
927 2209 1030 2278 ppar.
1046 2186 1127 2258 bist
1144 2187 1222 2258 crit.

134 2324 269 2418 antiqu.
294 2349 321 2396 s.
345 2323 423 2393 cod.
441 2321 571 2394 Annot.
589 2323 628 2394 in
643 2323 827 2394 Goodwin
850 2345 881 2412 1,
905 2323 956 2394 ιδ.
983 2323 1222 2415 Baumgarten

134 2459 347 2532 Geschiclrte
360 2459 426 2529 der
434 2457 805 2549 Religioospartheien
813 2481 848 2550 p.
861 2460 942 2551 ²95·
958 2455 1220 2531 SterckGesch.

133 2595 198 2664 der
212 2593 349 2666 cbristl.
366 2590 505 2664 Kircho
520 2591 583 2660 ‹les
596 2603 718 2662 ersten
732 2591 848 2664 lahrb.
870 2613 901 2678 1,
920 2571 1000 2684 rip.
1015 2592 1079 2684 qui
1096 2591 1224 2663 Hero-

134 2727 259 2798 dianes
267 2723 413 2796 civilem
420 2725 528 2795 modo
537 2711 729 2794 factionarii
740 2723 849 2794 luisse
860 2726 1074 2798 existimant.
1090 2727 1223 2813 Porro,

134 2859 197 2952 qui
219 2859 451 2928 Herodianos
467 2856 647 2926 lraeretieis
663 2871 866 2945 accensent,
891 2883 952 2929 eoa
977 2857 1138 2932 Herodis
1154 2887 1223 2934 na-

131 2995 237 3066 talem
254 2993 352 3064 diem
368 2992 622 3084 superstitiosis
635 2991 748 3062 sacris
764 3003 799 3061 et
808 2992 1053 3066 festivitatibus
1064 3009 1221 3089 quotan-

132 3129 190 3198 nis
205 3127 404 3199 celebrasso
419 3127 554 3215 dieunt,
569 3128 615 3196 ad
624 3127 1015 3219 quodconfirmandrun
1025 3144 1224 3222 provocant

133 3265 181 3334 ad
193 3263 306 3335 rerba
320 3260 526 3334 Scholiastae
545 3283 656 3354 sirpra
670 3261 785 3334 citata
835 3262 882 3334 At
895 3265 1046 3337 natalem
1062 3265 1221 3366 Herodis

132 3399 183 3471 M.
200 3395 292 3468 festo
307 3399 499 3492 quotannis
512 3397 598 3486 ritu,
624 3391 731 3468 etiam
747 3409 829 3490 post
843 3403 940 3492 regis
953 3402 1037 3491 lata,
1055 3403 1221 3476 celebra·-

132 3547 229 3623 tnm,
252 3537 421 3608 universa
442 3534 587 3629 ignorat
609 3533 810 3627 antiquitas.
861 3533 937 3606 Nec
952 3549 1054 3610 vetus
1074 3537 1135 3608 ille
1159 3525 1220 3608 in·¹
1331 3561 1337 3597 ··

133 3681 274 3764 terpres
296 3680 476 3742 assecutus
495 3681 723 3742 astruentem
744 3670 881 3758 Persii,
915 3671 978 3762 qui
998 3695 1073 3741 non
1090 3673 1161 3762 agit
1177 3672 1221 3741 dc

132 3807 338 3880 lutlaeornm
361 3803 541 3894 sectariis,
572 3807 636 3876 sed
659 3807 702 3875 de
719 3805 784 3894 iis,
809 3805 871 3898 qui
894 3805 1023 3874 anae
1040 3805 1221 3874 iudaicam

133 3939 424 4030 superstitionem
441 3939 765 4032 amplectebantur,
799 3951 836 4009 ct
848 3941 926 4008 dies
940 3939 1090 4008 feriatos
1104 3940 1219 4028 gentis

133 4073 287 4144 Iudaicae
311 4073 482 4166 religiose
505 4073 750 4148 observabant
810 4073 907 4144 Dias
928 4069 1094 4144 Herodis
1120 4075 1219 4164 dixit,

116 4194 231 4300 ¹qnod
246 4209 413 4280 Herodes
430 4231 507 4298 rex,
532 4235 700 4280 unacum
718 4207 884 4300 posteris,
907 4209 1034 4280 llorere
1049 4213 1217 4292 satisne—

134 4360 201 4432 tns‚
227 4357 263 4418 ot
275 4347 393 4438 longe,
416 4369 523 4438 quarn
532 4342 673 4421 ludoici
690 4346 792 4432 ritus,
806 4345 998 4434 celebrior,
1012 4349 1217 4421 ludaeorrnn

131 4485 228 4576 genti
259 4507 390 4556 nornen
419 4497 612 4576 notamque
634 4480 737 4552 facile
759 4483 978 4553 conciliabat.
1019 4485 1100 4560 vio.
1123 4490 1216 4557 Satn.
