3046 5206
393 475 400 492 ·
514 466 601 520 suu.
622 469 700 535 Ν,
726 451 783 518 25.
802 451 857 518 24.
1054 461 1057 470 '
1152 455 1264 556 551„

212 723 269 796 25.
287 725 346 802 atr.
397 715 471 796 Pro
493 721 543 794 Ut
558 722 636 796 cod.
656 721 778 796 Haun.
794 723 967 816 septimus
983 722 1089 811 „At.‘·
1126 727 1173 798 In
1187 755 1226 805 sc
1244 717 1253 725 ’

126 857 374 946 descendere,
399 858 501 950 quasi
524 856 562 930 in
581 855 740 936 fodinas:
773 881 902 952 specus
924 867 961 932 et
980 859 1080 976 sinus
1105 861 1252 945 cordis·

125 991 194 1062 sui
222 991 368 1080 rimari,
401 992 501 1084 quod
521 991 713 1064 Horatius:
765 1015 828 1080 „se
857 992 978 1086 ipsum
1006 999 1225 1074 concutere“

127 1125 228 1198 dixit
243 1130 313 1200 Sat.
335 1151 366 1215 r,
384 1129 419 1224 3,
435 1127 494 1204 54.
532 1125 714 1204 Praeclare
729 1127 879 1197 Seneca:
906 1127 1045 1216 „Nemo
1059 1093 1224 1213 nostrum

125 1261 174 1331 in
195 1259 306 1332 allum
329 1246 523 1333 descendit.
575 1261 722 1335 Summa
741 1271 879 1338 tuntum
904 1263 1165 1370 decerpsimus,
1189 1277 1225 1340 et
1359 1265 1374 1278 “

87 1415 91 1422 ·
126 1397 307 1492 exiguum
319 1395 494 1490 temporis
510 1391 728 1492 impendisse
742 1393 992 1487 philosophiae,
1010 1395 1092 1466 satis
1106 1397 1225 1475 abans

127 1529 252 1622 deque
274 1505 456 1624 occupatis
476 1529 554 1610 suit,
606 1525 700 1602 Illud
717 1527 903 1621 praecipue
926 1529 1095 1622 impedit,
1127 1529 1226 1624 quod

127 1661 207 1734 cito
220 1665 324 1736 nobis
338 1667 535 1762 placemuss
559 1665 590 1734 si
604 1664 819 1752 invenimus,
841 1663 904 1756 qui
918 1687 984 1734 rios
998 1661 1115 1734 bonos
1126 1663 1225 1738 viros
1344 1750 1349 1759 .

127 1797 248 1892 dicut,
273 1799 336 1892 qui
355 1801 569 1894 prudentes,
593 1801 656 1892 qui
680 1809 839 1886 sanctos,
864 1797 1096 1892 agnoscimus.
1147 1799 1225 1872 Neo
1342 1775 1352 1792 ἱ

127 1953 258 2005 sumus
280 1935 422 2008 modica
444 1934 651 2028 laudatione
679 1932 856 2030 contenti,
902 1931 1079 2026 quidquid
1098 1933 1136 2002 in
1159 1955 1225 2010 nos

127 2067 291 2140 adulatio
321 2071 400 2156 sine
430 2072 574 2163 pudore
603 2051 801 2160 congessit,
847 2075 1029 2160 tamquam
1063 2067 1224 2148 debitum

127 2201 366 2296 prendimus3
398 2203 552 2296 optimos
570 2225 637 2282 uos
659 2224 757 2294 esee,
788 2201 1087 2296 sapientissimos,
1118 2176 1224 2283 affir-

126 2335 313 2407 mantibus
327 2337 558 2426 assentimur,
588 2359 670 2407 cum
685 2335 839 2414 sciamus
850 2333 937 2414 illos
952 2356 1048 2426 saepe
1064 2335 1221 2404 mentiri.

127 2465 304 2566 Adeoque
320 2467 547 2570 indulgemus
565 2469 690 2556 nobis,
715 2480 756 2550 ut
776 2469 917 2540 laudari
935 2467 1089 2545 uelimus
1111 2469 1150 2537 in
1171 2467 1223 2562 id,

128 2603 190 2676 cui
205 2606 389 2688 contraria
404 2629 486 2676 cum
501 2605 657 2676 maxime
674 2603 823 2676 facimus
841 2599 910 2674 &c
942 2567 1055 2694 Epist.
1074 2603 1134 2692 59,
1154 2622 1223 2680 to·-

133 2757 191 2816 ra,
243 2735 360 2808 Sed..
389 2751 501 2834 tergo.
553 2735 688 2818 Similis
711 2737 819 2812 dictio
836 2735 929 2804 Hor.
945 2733 1015 2810 Set
1035 2755 1068 2816 a,
1089 2733 1124 2820 5,
1139 2752 1222 2832 sqq.

1330 2821 1346 2850 ἱ

129 2893 242 2964 quern
265 2879 386 2940 tamen
407 2867 528 2950 locum¹
541 2891 633 2958 non,
656 2880 697 2937 ut
717 2867 928 2954 casaubono
949 2865 1109 2952 uidetur,
1135 2864 1223 2938 inu'-
1355 2905 1364 2918 =

129 3013 226 3104 tatus
241 3011 295 3080 est
308 3000 450 3109 Noster.
502 3001 667 3096 Uterque
680 3003 812 3094 potius,
834 2999 903 3068 nisi
919 2996 1094 3082 Horatius
1109 3022 1222 3085 „cau-

130 3139 240 3209 (Ιείιιιιι
261 3159 293 3208 v.
317 3135 365 3206 53
385 3138 603 3228 respexerit,
637 3134 830 3228 apologum
850 3131 1061 3224 AEiopioum
1077 3131 1225 3247 Plraedr,
1354 3161 1364 3187 ι

131 3275 169 3370 4,
180 3292 213 3364 9,
231 3269 277 3343 de
291 3269 391 3364 peris
410 3269 548 3350 duabus
561 3269 699 3354 homiui
713 3295 734 3342 a
747 3270 833 3350 Ioue
848 3265 1025 3362 impositis
1038 3268 1220 3363 spectavit,

129 3405 308 3479 Eiusdem
323 3404 459 3492 tenoris
478 3405 801 3479 camerariorum:
829 3402 945 3492 „cnm
959 3413 1022 3482 tua
1033 3403 1222 3496 pervideat

132 3541 246 3613 ocidis
261 3539 354 3622 male
369 3540 487 3633 lippus
495 3539 661 3629 inunctis,
678 3541 755 3624 Cirr
771 3541 809 3619 iu
825 3538 1024 3610 amicorum
1037 3538 1131 3612 vitiis
1147 3549 1221 3618 tarn
1264 3571 1268 3578 ·

131 3675 251 3745 cernis
275 3685 439 3765 acutum,
474 3675 595 3768 Quam
618 3686 680 3749 aut
701 3673 840 3770 aquila,
867 3685 928 3745 aut
950 3687 1101 3766 serpens
1126 3671 1222 3767 Epi-

131 3803 349 3878 damiust‘s
388 3806 561 3898 Additur,
593 3811 691 3904 quod
706 3821 752 3884 et
773 3811 811 3882 in
832 3805 1064 3901 sequentibus
1085 3805 1224 3884 Persii:

130 3951 195 4030 „at
206 3939 272 4011 tibi
287 3952 414 4012 contra
426 3943 577 4030 Evenit,
602 3943 788 4035 inquirant
802 3942 888 4014 vitia
907 3951 948 4009 ut
965 3949 1027 4008 tua
1040 3961 1167 4018 rursus
1185 3949 1221 4010 et

132 4075 221 4163 illi,“
246 4075 315 4146 Sat.
337 4100 369 4161 1,
382 4071 417 4162 5,
434 4077 491 4146 25.
507 4077 550 4146 cl.
569 4099 600 4152 v.
611 4079 669 4172 75.
686 4077 749 4146 ubi
760 4076 903 4146 maiora
919 4083 955 4144 et
970 4071 1121 4164 proprio
1134 4074 1220 4150 vitia

132 4211 220 4284 dicit
237 4210 422 4300 „tubera,“
439 4209 579 4282 minora
593 4223 629 4282 et
643 4209 776 4282 aliena:
800 4209 1026 4297 „verruces.“
1050 4185 1244 4284 lautae-'1
1283 4237 1287 4249 ·

132 4346 233 4434 ribus
255 4347 398 4446 papulae
417 4348 541 4426 Senes,
565 4347 609 4420 de
635 4345 718 4428 viu
739 4347 849 4426 Beata
865 4365 920 4442 ²7·
937 4345 1060 4424 ricinis
1073 4351 1219 4444 podueli
