2932 5206
1325 449 1345 516 ¹b

294 485 358 566 ‚9²
522 559 526 567 1
715 479 802 570 snr.
820 481 860 546 n,
883 461 940 530 58.

385 739 444 808 58.
496 735 530 814 0
554 691 832 826 lane:i‚,se1ix“
858 761 926 831 per
941 734 1083 829 ellipsin
1097 735 1279 846 censuim.
1327 735 1383 806 lu-

307 895 395 960 nus,
419 872 495 951 sine
511 870 972 965 naturseilludsymbolum
987 895 1070 942 cum
1082 870 1209 942 Servio
1224 869 1270 938 ad
1287 866 1382 962 Virg.

305 1011 390 1082 AEn.
407 1007 448 1095 6,
474 997 557 1098 607'.
583 1005 664 1076 coll.
690 1006 784 1077 Plin.
808 1007 857 1078 H.
879 1009 923 1078 N.
948 1009 1014 1095 54,
1040 1031 1075 1098 7.
1091 1005 1277 1098 ,fingemus
1297 1028 1383 1096 qna-

306 1133 486 1230 drisrons,
519 1151 559 1212 ut
588 1141 697 1211 totius
719 1142 823 1229 anni,
863 1143 901 1211 in
923 1143 1079 1236 quatuor
1098 1151 1263 1232 tempora
1276 1139 1384 1210 divisi

304 1279 444 1364 Deum,
474 1263 549 1366 sive
580 1299 661 1346 cum
685 1276 778 1347 Hor.
800 1272 872 1348 Sa't.
898 1301 940 1366 s,
964 1277 1008 1364 6,
1034 1297 1090 1347 ao.
1116 1275 1178 1360 (ad
1200 1297 1305 1372 quem
1325 1271 1384 1341 lo-

306 1435 391 1482 cum
405 1412 450 1482 cf.
466 1409 737 1507 Heindorfium)
752 1399 941 1483 usitatiore
955 1412 1240 1497 formabifrons‘,
1264 1419 1305 1478 ut
1319 1409 1382 1478 do-

304 1549 443 1616 minum
459 1547 551 1630 diei,
575 1545 613 1613 in
628 1554 814 1634 quoortus
831 1555 866 1610 et
882 1519 1047 1632 occasura,
1082 1547 1204 1632 oculos
1216 1543 1339 1615 habuit
1352 1555 1386 1612 et

199 1733 200 1738 η
303 1705 327 1748 a
337 1679 456 1749 fronte
468 1687 503 1747 et
517 1700 538 1744 a
550 1686 665 1768 tergo,
677 1675 780 1774 'adeo
798 1685 838 1744 ut
854 1675 893 1742 in
908 1697 948 1743 os
962 1673 1144 1780 laudantes
1158 1701 1242 1755 eum
1253 1702 1274 1746 a
1285 1691 1384 1770 tergo

302 1811 434 1882 ridere·
442 1832 515 1882 non
530 1809 607 1916 ausi
623 1807 770 1882 suerint.
829 1807 966 1897 „Stulta
980 1807 1076 1884 videt
1091 1811 1196 1881 lanus
1212 1835 1294 1903 quae
1307 1799 1386 1902 post

303 1969 370 2014 sua
383 1955 486 2040 terga
498 1955 691 2061 gerentum
714 1914 773 2062 llil
792 1912 882 2040 agis:
914 1967 961 2013 en
985 1939 1138 2014 latebras
1160 1944 1307 2036 respicit
1322 1943 1382 2012 ille

118 2137 144 2158 ,t
175 2165 182 2174 ¹
301 2083 416 2152 tuas.“
442 2075 805 2165 onerassent.
864 2080 996 2150 'l'rium
1007 2079 1185 2150 irrisionis
1202 2093 1385 2173 generum,

301 2224 449 2282 anctore
462 2222 584 2282 vetere
602 2197 810 2298 Scholiaste‚
835 2214 995 2304 primum
1010 2225 1100 2303 erat,
1125 2239 1256 2303 „mann
1272 2215 1385 2308 signi-

299 2349 408 2418 ficare
424 2334 639 2414 ciconiamf‘
696 2343 829 2434 Digitis
845 2319 980 2435 scilicet
995 2348 1161 2418 omnibus
1178 2351 1333 2420 collectis
1348 2349 1385 2418 in

297 2503 429 2568 rmum,
453 2488 489 2548 et
503 2478 549 2547 ad
564 2467 719 2546 ciconini
736 2475 819 2548 colli
835 2477 1106 2580 similitudinem
1122 2467 1296 2570 curvatis,
1323 2486 1386 2554 in-

298 2639 368 2711 que
391 2637 475 2684 eum
498 2611 664 2698 directis,
690 2597 1013 2722 qttifirridebatun
1038 2613 1240 2704 pinsentem
1264 2626 1385 2688 rostro

297 2749 473 2840 ciconiam
490 2747 671 2840 frequenti
685 2725 846 2818 motione
861 2748 1121 2838 exprimebant.
1172 2753 1225 2820 lte
1242 2751 1386 2822 Hiero-

295 2908 428 2979 nymus
442 2883 481 2954 in
496 2882 649 2982 prologo
668 2883 712 2952 ad
727 2874 966 2973 sophoniam:
994 2883 1092 2974 „Qui
1110 2885 1139 2954 si
1157 2886 1291 2956 scirent
1311 2936 1319 2952 .
1342 2936 1351 2952 .
1376 2935 1385 2954 .

244 3025 248 3045 '
294 3041 494 3112 numquam
507 3028 590 3110 post
610 3027 754 3110 turgum
776 2991 899 3086 meum
923 3029 1071 3088 inunum
1094 3019 1325 3090 incurrerent
1346 3019 1386 3087 in

213 3181 217 3196 ’
294 3153 506 3231 ciconiam.“
531 3131 704 3246 Idemque
727 3151 795 3244 Ep.
824 3152 858 3220 4.
882 3151 926 3222 ad
942 3149 1132 3224 Rtuticum
1144 3151 1385 3224 Monachum:

196 3277 199 3284 ’
291 3285 371 3374 '„Ne
394 3287 518 3356 credas
545 3285 791 3356 laudatoribus
812 3285 942 3355 tuis..
978 3287 1007 3358 si
1027 3289 1144 3358 subito
1167 3288 1387 3378 respexeris,
1427 3275 1429 3278 ⁵

291 3416 515 3507 ciconiarum
530 3389 781 3516 deprehendes
796 3415 878 3506 post'
893 3414 933 3484 te'
943 3419 1035 3487 colle
1052 3421 1231 3518 curvari.“
1273 3422 1387 3508 Qui-

182 3531 186 3544 ’
225 3515 232 3527 ²
290 3550 358 3622 bus
379 3571 426 3620 ex
447 3537 567 3658 'corbis
591 3569 673 3616 cum
696 3545 927 3616 Casaubonus
945 3547 1039 3618 adh.
1056 3551 1079 3618 1.
1100 3563 1387 3644 argumentatur,

269 3747 273 3754 .
292 3683 468 3756 ciconiam
484 3677 568 3751 colli
583 3687 702 3767 motu,
726 3699 802 3750 non
822 3677 1037 3773 digitorum,
1055 3683 1217 3777 'exprimi
1237 3665 1384 3758 {clitum

291 3823 336 3892 ab
354 3817 602 3905 irridentibus,
626 3814 708 3885 iure
720 3837 787 3886 suo
802 3815 1016 3888 contradicit
1028 3819 1221 3890 Ferrarius
1235 3823 1281 3892 de
1295 3821 1385 3893 Vct.

178 4033 181 4045 ,
290 3955 447 4028 Acelum.
466 3952 490 4023 l.
510 3975 542 4022 o.
565 3933 646 4022 eain
660 3949 775 4037 enim,
801 3950 831 4024 si
856 3961 1049 4046 utrumqne
1073 3955 1193 4047 loqum
1210 3957 1387 4027 contule-

290 4089 360 4174 ris,
390 4111 463 4198 nqn
479 4058 580 4173 lnotn
595 4084 677 4159 colli
695 4107 903 4184 expressam
918 4086 1010 4158 dixit
1023 4089 1287 4183 Hieronymus,
1316 4091 1387 4161 sed

158 4234 165 4256 “
207 4227 211 4246 ’
290 4218 429 4312 digitis,
454 4221 611 4292 adinstar
636 4219 720 4292 colli
744 4219 901 4293 ciconini
923 4221 1086 4296 formatis
1107 4235 1141 4294 et
1155 4227 1280 4312 motis,
1309 4249 1385 4295 cx-

290 4349 450 4430 hibitam·
544 4355 735 4428 Lectiones
777 4357 948 4448 ,‚pisat,“
1005 4357 1170 4450 ,‚pisit,“
1223 4383 1385 4452 quarum

168 4593 175 4606 ι
289 4495 441 4586 utraque
464 4507 487 4560 a
506 4483 750 4558 Grammatico
772 4489 958 4565 Diomede
981 4493 1078 4586 apud
1102 4477 1313 4568 Putsclrium
1347 4517 1380 4562 c.
