2868 5200
314 491 358 568 5'2
472 487 476 496 ’
728 513 817 567 stu.
840 517 888 578 r.‚
915 498 947 562 5.
977 493 1010 562 ss.
1135 495 1140 503 '

227 775 231 782 ’
314 772 567 868 Quinctilioni:
609 770 714 861 „Qui
745 769 840 838 dicet
870 791 940 862 pro
963 769 1026 838 illo
1047 767 1103 842 No
1131 769 1282 858 feceris,
1312 769 1390 842 Non

283 971 286 978 .
311 909 463 997 feceris,
488 908 528 978 iu
544 905 641 976 idem
655 903 790 973 incidet
805 903 933 978 vitium
947 904 1232 991 (soloecismum)
1242 904 1324 999 quis
1337 902 1393 973 ul·-

310 1058 431 1116 terum
445 1039 598 1136 negandi
614 1049 686 1127 est,
709 1035 862 1116 alterum
878 1037 1056 1112 veundi.“
1106 1039 1190 1111 Inst.
1208 1037 1274 1111 Or.
1296 1061 1334 1124 1,
1359 1042 1394 1124 5,

311 1183 370 1252 50.
404 1175 517 1267 Quod
530 1185 649 1244 tumen
666 1171 794 1244 uitium
809 1163 1006 1264 scriptores
1026 1172 1276 1244 Romanorum
1298 1171 1404 1264 opti*

308 1335 389 1384 mos
404 1333 480 1382 nou
496 1303 645 1380 cumino
663 1303 829 1404 effugisse
847 1315 994 1375 constet.
1034 1303 1130 1378 Vide
1142 1305 1399 1388 Heindorfium

310 1448 357 1518 ad
370 1443 464 1516 Hor.
478 1444 547 1514 Sot.
567 1462 608 1526 n,
635 1443 676 1526 5,
703 1459 762 1528 9¹·
813 1435 980 1509 Turbida
995 1439 1129 1512 Romo.
1181 1439 1401 1530 „Multitudo

309 1601 454 1671 semper
468 1575 617 1657 discors,
642 1568 821 1654 seditiosa,
845 1541 1060 1662 impotens.“
1083 1567 1222 1644 Seneca
1232 1574 1401 1646 deGlem.

272 1755 275 1762 -
312 1737 353 1800 ι,
377 1735 413 1780 1.
464 1705 513 1780 At
524 1701 682 1798 populus
696 1703 883 1772 Romanus
898 1723 943 1772 ex
955 1725 1086 1797 magna
1099 1709 1271 1800 variaque
1285 1723 1404 1801 pore-

308 1847 502 1939 grinorum
518 1839 622 1932 copiu
635 1835 832 1927 conflatus,
855 1835 964 1932 longe
978 1839 1108 1911 ceteris
1123 1851 1203 1912 orat
1215 1840 1404 1930 mobilior,

194 2031 198 2041 .
308 1994 363 2052 tot
378 1999 548 2052 sensuum
570 1983 659 2068 quot
678 1971 856 2064 capitum,
880 1970 944 2067 qui
964 1971 1140 2068 quidquid
1161 1973 1282 2044 animo
1305 1971 1404 2046 maie

309 2117 432 2186 sobrio
456 2135 496 2181 se
522 2105 727 2194 obtulisset,
765 2105 970 2179 inconsulte
1000 2108 1202 2180 temeritate
1231 2109 1404 2200 arripuit.

308 2241 550 2322 Recitationcs
564 2240 751 2333 inprimis,
776 2263 865 2332 quos
878 2240 915 2310 h.
932 2241 956 2312 l.
971 2241 1095 2312 iorsnn
1110 2251 1256 2334 spectet,
1280 2243 1321 2314 in
1339 2265 1404 2314 sc-

309 2379 499 2476 quentibus
514 2385 613 2448 certe
636 2373 785 2465 respicit
801 2385 929 2467 poeto,
960 2374 1159 2464 discordis,
1191 2375 1341 2450 diducto
1365 2379 1404 2449 in

307 2525 428 2608 partes
449 2509 671 2584 audientium
691 2509 829 2597 studio,
852 2531 929 2579 nou
950 2507 1128 2598 caruisse,
1161 2509 1334 2581 discimus
1359 2537 1404 2582 en

306 2647 428 2722 Plinio
443 2645 570 2738 Ep'r,
596 2643 654 2715 ιδ.
683 2662 724 2731 u,
753 2665 808 2736 ¹9·

382 2781 417 2850 6.
443 2777 584 2850 Eteoee.
621 2775 755 2867 „Quod
770 2775 905 2870 frangit
920 2776 1189 2864 adversarium,
1208 2779 1311 2870 quod
1326 2779 1403 2850 im-

306 2915 419 3012 pedit,
442 2904 690 3006 quod'eteoat,
713 2912 813 3006 quod
828 2913 998 3000 deterret,
1017 2911 1117 3004 quod
1131 2909 1300 2990 refutct“
1325 2915 1401 2984 Cic

307 3053 352 3123 de
367 3049 524 3122 Oratore
540 3069 559 3116 2
570 3095 581 3136 ‚
609 3047 668 3116 58.
720 3047 978 3142 Examenque:
1002 3045 1114 3116 codd.
1130 3043 1252 3121 Haun.
1275 3069 1309 3118 1.
1321 3053 1359 3122 5.
1375 3051 1401 3121 6

308 3185 417 3257 Goth.
430 3181 564 3253 Dresd
587 3181 707 3254 Breru.
731 3179 898 3254 Monach-
921 3179 1059 3252 Vimnr.
1102 3177 1185 3272 Tig.
1208 3177 1403 3257 Achuintr

307 3289 478 3388 Exim
498 3325 555 3401 ct,
586 3311 693 3384 lectio
712 3316 791 3384 cod.
816 3311 938 3387 Haun-
954 3333 989 3386 2.
1013 3333 1079 3384 uec
1095 3335 1239 3388 eversu
1252 3317 1403 3392 absona

214 3493 218 3496 -
306 3445 478 3540 vulgata:
509 3443 740 3534 Exomenvs,
769 3439 952 3519 Haunt'i.
977 3447 1011 3516 4.
1040 3469 1112 3540 qus
1125 3459 1280 3540 uterquc
1308 3477 1403 3523 eon·

307 3579 501 3654 inactivus:
526 3579 685 3652 accedas
698 3590 735 3650 et
748 3581 909 3676 castiges
923 3581 968 3651 nd
982 3603 1055 3650 non
1069 3581 1299 3674 pertineant,
1331 3587 1402 3659 ca.

307 3717 507 3788 ssubonum
522 3725 559 3786 et
571 3711 722 3807 multos,
746 3715 809 3809 qui
825 3737 910 3786 eum
925 3715 1039 3786 secuti
1052 3725 1153 3802 sunt,
1178 3714 1402 3809 interprete

307 3851 467 3937 induxit,
492 3859 533 3920 ut
550 3845 739 3922 hortamen
760 3849 808 3919 nd
829 3848 1034 3941 {equitatem
1056 3849 1093 3918 in
1115 3847 1214 3954 falsis
1238 3847 1402 3928 ulier-ur

308 3987 494 4062 sententiis
508 3983 766 4072 diiudicandis,
792 3985 885 4066 etad
900 3980 1223 4084 dissimulationem
1237 3992 1402 4064 veriori

307 4119 366 4186 sui
379 4119 504 4188 indicii
525 4119 582 4191 his
601 4117 775 4190 inverbis
790 4115 975 4208 viderent,
1010 4119 1108 4212 quod
1131 4117 1303 4196 alienum
1332 4153 1400 4200 ess

308 4277 329 4320 u
350 4273 458 4322 sensu
477 4249 565 4318 loci:
591 4251 768 4324 iudicium
786 4251 922 4324 scilicet
941 4253 1057 4323 nostri
1078 4275 1153 4324 non
1173 4255 1402 4332 metiendus

307 4407 353 4455 ex
368 4381 539 4475 opinione
552 4383 663 4477 vulgi,
680 4394 719 4454 et
730 4409 798 4456 suo
809 4387 944 4477 cuique,
953 4387 1296 4476 utendumtudtcio,
1321 4399 1395 4486 qui

308 4519 448 4590 stotius
461 4515 580 4588 satire
593 4529 804 4610 argumento
816 4497 1027 4608 obhorrere,
1047 4521 1269 4608 Musonius,
1288 4525 1402 4602 orel
