2932 5206
710 619 796 673 aar.
823 621 870 686 1.,
893 571 1026 675 sess.
1149 665 1150 668 t

321 729 1398 800 ...mh—*w

319 875 461 976 „omnis
494 877 540 948 ad
567 875 758 950 utilitatem
785 869 911 971 potius'
935 900 1042 971 quam
1066 863 1400 952 adsostentutioneiu

319 1013 603 1114 componebatur
629 1011 765 1101 oratio,
806 1023 842 1084 et
871 1025 976 1088 erant
1007 1013 1124 1084 adhuc
1146 1011 1281 1094 iudicia
1300 1037 1403 1087 seve-

317 1151 497 1235 noram)
522 1147 643 1238 Quam
657 1149 934 1218 ostentationem
947 1145 1240 1247 declamatoriam
1256 1141 1305 1218 ait'
1319 1149 1403 1236 4,.5,

318 1309 352 1358 a.
376 1285 439 1374 „in
459 1281 582 1354 forum
602 1281 763 1370 venisse,
786 1292 976 1376 postquam
992 1305 1100 1375 agere
1116 1302 1254 1353 caussas
1269 1303 1341 1350 non
1357 1281 1403 1350 ad

316 1420 507 1492 utilitatem
521 1415 755 1508 litigatorum,
781 1415 846 1488 sed
862 1417 908 1488 ad
921 1429 1163 1510 patronorum
1179 1414 1404 1488 iactationem

314 1563 505 1646 repertum
527 1551 616 1618 est“
678 1546 923 1630 ctaseidicoa
957 1548 1088 1640 quibus
1115 1551 1229 1622 moris
1249 1561 1319 1639 est,
1364 1557 1406 1622 ul

314 1681 436 1778 paullo
461 1689 544 1748 ante
566 1677 658 1788 *dicit
685 1677 802 1768 idem,
843 1675 1009 1773 „prolato
1036 1703 1162 1752 rerum
1185 1685 1334 1772 ordine,
1365 1685 1404 1756 in

187 1851 194 1863 .
314 1818 472 1912 aliquem
492 1813 615 1885 laetum
636 1823 674 1882 et
693 1811 920 1906 plausibilem
941 1813 1080 1902 locum,
1118 1837 1226 1906 quam
1249 1820 1403 1892 maxime

313 1947 454 2045 possint
477 1947 756 2043 favorabiliter,'
777 1948 1026 2036 excurrere,“
1057 1957 1211 2042 carpunt
1228 1949 1403 2021 Martialis

315 2087 358 2174 6,
389 2109 442 2177 ι9.
469 2094 505 2154 et
524 2082 718 2152 Petronius
739 2081 891 2176 Satyrio.
918 2081 963 2153 ab
977 2081 1092 2155 initio.
1125 2081 1275 2182 ,Capiti
1297 2075 1401 2172 cano,

313 2219 373 2289 oui
396 2237 465 2306 per
491 2236 529 2280 se
548 2212 749 2282 miserabili
763 2213 991 2298 defendendo
1004 2218 1104 2288 nulla
1120 2243 1211 2312 opus
1224 2231 1303 2292 erat
1314 2243 1402 2294 ver-

311 2349 443 2422 borum
458 2345 704 2436 etiigurarum
718 2345 870 2416 sollicita
884 2372 983 2420 cura.
1024 2367 1110 2424 axe·
1133 2383 1202 2440 yso
1224 2363 1340 2422 nat..
1363 2387 1402 2421 n

253 2537 256 2548 ,
311 2479 545 2550 λεγοντος..
565 2471 844 2543 nussunlnms
866 2495 929 2532 sos
953 2473 1109 2549 ἄπειρον
1131 2477 1324 2552 dumosae
1341 2503 1403 2536 aas

249 2671 251 2678 Ι
278 2581 283 2589 ’
309 2613 407 2656 stov.
459 2581 641 2658 Plutarch.
660 2583 704 2656 de
717 2581 912 2662 tludilione
931 2607 961 2654 c.
980 2585 1013 2654 5.

382 2786 442 2856 84.
494 2781 607 2854 codd.
637 2783 757 2856 Haun.
793 2803 824 2852 a.
859 2783 893 2854 4.
928 2783 962 2855 6.
997 2781 1247 2876 „trepidum“;
1284 2788 1400 2858 ceteri

181 2956 184 2968 ·
311 2922 491 3020 tepidum,
509 2919 607 3013 quod
621 2917 866 3011 significanter
878 2928 916 2988 et
928 2917 1069 2988 ironice
1078 2917 1212 2995 dictum
1221 2919 1266 2988 de
1274 2941 1399 2992 assen-

166 3051 172 3064 ’
242 3093 247 3112 =
309 3055 410 3128 tione
426 3050 614 3149 frigidum,
640 3063 677 3122 et
689 3053 924 3124 adiectum...
944 3041 1133 3126 Decentet·
1153 3054 1240 3141 (vid.
1263 3077 1297 3129 v.
1321 3061 1401 3148 49.)

308 3193 467 3264 sentimas
484 3201 519 3260 et
532 3191 652 3259 minus
667 3189 789 3259 effusae
806 3182 924 3258 laudis
938 3185 1127 3278 formulae,
1150 3211 1233 3283 quae
1246 3189 1402 3261 acrioris

308 3325 415 3395 studii
430 3325 760 3404 acclamationibus:
788 3321 895 3418 Euge
908 3333 944 3392 et
956 3323 1064 3394 Bello
1080 3311 1301 3418 opponitur.

380 3524 439 3596 85.
490 3521 610 3593 Pedio
629 3519 850 3614 antiquiores
874 3519 1089 3611 interpretes
1107 3521 1302 3614 significari
1320 3547 1401 3614 pu-

222 3647 226 3660 ’
305 3669 380 3732 lant
393 3657 546 3730 Pedium
557 3655 732 3740 Blaesum,
756 3651 823 3721 sub
837 3651 872 3722 N
875 3675 988 3722 erone
1003 3664 1131 3724 settatu
1145 3665 1303 3746 molum,
1329 3681 1401 3727 ao-

306 3795 510 3864 cueautibus
535 3787 821 3884 Cyrenensibus,
853 3787 1024 3862 violatum
1048 3789 1092 3858 ab
1113 3789 1401 3895 eolhesaurum

305 3927 524 4022 AEsculapii,
552 3912 802 4016 delectumque
824 3889 981 3994 militare
1003 3923 1122 4014 pretio
1144 3933 1180 3994 et
1196 3924 1400 3994 ambitione

306 4073 530 4154 corruptum.
590 4061 677 4134 Tae.
700 4058 793 4131 Ami.
824 4063 888 4152 rt,
922 4060 978 4137 18.
1031 4057 1123 4147 „Cui
1149 4081 1232 4132 cum
1251 4037 1413 4138 'crunon

304 4277 598 4304 ..t—u*-

261 4417 269 4430 ¹
337 4441 368 4516 *)
390 4439 591 4522 Quantopere
607 4443 725 4507 iudicia
740 4445 890 4522 Romana,
907 4442 983 4504 olim
998 4460 1117 4519 severs,
1134 4443 1197 4504 iam
1209 4443 1308 4510 multo
1318 4451 1410 4516 aute,

387 4555 527 4628 tempora
542 4537 751 4627 Quiiretiliaui
766 4549 800 4609 in
812 4549 901 4630 peius
917 4547 1050 4629 ruerint,
1069 4547 1251 4611 Macrobius
1263 4547 1395 4608 saturn.

387 4673 426 4746 ²¹,
448 4672 492 4714 tn.
513 4651 676 4714 teterrimo
691 4653 827 4716 ostendit
840 4655 992 4736 exemplo.

708 5001 714 5034 l
