3052 5202
338 521 403 611 178
574 611 578 618 .
681 511 686 518 ’
720 533 807 586 sar.
833 536 877 585 11.
888 567 913 604 „
929 515 1009 584 1-5.
1080 507 1083 523 '

326 798 396 894 Ep·
410 793 445 882 6,
470 815 523 882 ιι,
535 815 565 860 a.
594 793 735 862 Morem
752 815 773 856 a
788 789 992 862 Thracibus
1007 790 1220 860 translatum
1241 793 1405 886 sarmit)

327 898 490 1002 Natalem
513 928 608 996 diem
629 925 950 1012 Romanis'sesturn
967 925 1094 1012 luisse,
1121 937 1296 997 testantur
1316 927 1404 1000 loca:

327 1065 440 1134 Plaut.
458 1061 588 1132 Pseud.
610 1082 641 1147 1,
662 1079 695 1147 a,
713 1061 770 1130 30.
799 1058 922 1130 Tibul.
942 1063 976 1148 lt,
995 1083 1029 1154 9.
1054 1061 1211 1130 Martial.
1231 1065 1264 1148 8,
1280 1064 1336 1154 58,
1354 1087 1404 1134 rr.

328 1193 488 1270 luvenal.
515 1219 571 1281 11,
588 1195 646 1266 85.
677 1191 879 1279 12‚1.·&c.x

406 1389 440 1436 a.
492 1363 680 1438 Labeates
694 1389 808 1436 annos
825 1365 927 1452 dixit,
949 1389 1021 1436 non
1037 1389 1105 1459 pro
1121 1364 1289 1458 „lapsis‚“
1305 1377 1342 1434 ut
1358 1377 1408 1436 est

327 1503 423 1594 apud
447 1501 718 1584 Casaubonnm,
758 1499 821 1566 sed
850 1521 918 1588 pro
945 1499 1127 1568 renovatis
1149 1513 1184 1568 et
1205 1500 1332 1591 quovis
1353 1501 1406 1569 dio

326 1635 434 1704 natali
456 1631 558 1724 quasi
579 1629 832 1726 redintegratis
855 1628 966 1696 annis.
1010 1628 1091 1700 Vid.
1119 1631 1270 1703 Meister
1289 1633 1408 1704 Letzto

326 1767 475 1838 Studien
492 1759 560 1834 &a
576 1787 610 1857 p.
626 1767 682 1858 87.

404 1939 436 2008 5.
490 1933 649 2006 Genium
678 1932 843 2003 dicebant
868 1943 1013 2044 ‚veteresl
1039 1931 1262 2020 „naturalem
1290 1937 1409 2006 Deum

208 2145 212 2152 ,
325 2071 607 2162 uniuscuiusque
630 2067 719 2156 loci,
752 2065 811 2139 vel
833 2069 904 2161 rai,
927 2067 986 2140 vel
1006 2067 1198 2142 hominis.“
1237 2071 1334 2165 Serv.
1365 2071 1409 2140 ad

230 2250 235 2261 .
326 2203 628 2294 Virg.Gcorg.1.
657 2201 1408 2315 iratervelovv.onatov,'1arnblioh.'Vit.
1476 2303 1477 2308 Ἰ

324 2335 426 2429 Pyd»
453 2323 810 2424 „Deprehendernnt
829 2331 1047 2446 philosophi,
1073 2339 1253 2408 adomnia
1267 2341 1412 2411 honesta

243 2529 250 2536 .
324 2469 461 2564 impelli
476 2491 541 2537 nos
557 2466 676 2574 Genio
703 2477 739 2536 et
755 2466 902 2535 numine
925 2467 1081 2559 quodam
1103 2467 1290 2560 familiari,
1316 2475 1413 2564 qnod

324 2606 428 2678 nobis
441 2582 667 2674 nascentibus
684 2603 828 2672 datur.“
852 2599 953 2683 Idem
969 2599 1014 2670 ad
1028 2599 1172 2672 AEneid.
1182 2625 1214 2697 9.
1241 2603 1414 2712 Superest

298 2731 501 2810 ·locttsllle
516 2738 725 2810 Menandri:
763 2745 906 2830 Ᾰπυυ
939 2745 1076 2818 δαιμων
1107 2743 1212 2818 ἄνδρε
1242 2769 1414 2821 “limil-

291 2961 295 2974 .
322 2905 440 2954 aava»,
460 2887 569 2941 Eadm
589 2904 771 2958 paronam
786 2903 984 2957 μυςαγογοε
1001 2903 1039 2942 ra
1055 2889 1115 2956 βω
1134 2867 1203 2966 &9¹
1251 2873 1413 2985 „Genilts

322 3063 618 3082 -ιι-ιοιι-

343 3192 378 3270 *)
413 3191 551 3252 Thraces
580 3194 720 3273 vesperi,
761 3161 953 3274 priusquam·
970 3179 1159 3267 dormirent,
1195 3187 1349 3251 calculum
1380 3186 1416 3248 in

403 3295 584 3372 pharetram
611 3299 794 3372 mittebant,
824 3295 1008 3372 candidum,
1040 3297 1067 3356 si
1088 3295 1170 3356 sorte
1194 3295 1221 3356 ia
1247 3293 1314 3355 dier
1334 3293 1417 3355 citra

404 3397 577 3456 molestiam
603 3399 745 3472 abiisset,
768 3411 890 3470 atrum,
916 3397 944 3455 ai
967 3419 1067 3460 aecus.
1106 3403 1244 3460 Demum
1264 3399 1320 3460 ubi
1345 3399 1419 3479 quia

403 3497 468 3556 vita
493 3491 676 3574 decedeiet‚
705 3501 772 3559 einr
794 3499 974 3578 pharetram
995 3503 1199 3578 proferebant
1207 3477 1224 3576 ³,
1247 3502 1282 3562 in
1305 3523 1371 3580 qua
1390 3504 1420 3564 si

402 3603 507 3682 pluras
530 3602 681 3662 candidos
703 3603 837 3664 calculos
856 3603 1061 3683 reperissent,
1088 3603 1230 3677 inlicem,
1259 3603 1287 3662 si
1301 3605 1420 3685 plures

402 3706 527 3786 nigror,
562 3683 883 3786 infdlicem'vixisre,
919 3707 1177 3788 pronuntiabant,
1213 3719 1309 3790 atque
1336 3707 1420 3774 hin'e

401 3813 474 3874 vita
497 3831 647 3873 summam
667 3812 866 3875 aetimabant.
920 3813 1015 3892 Quod
1030 3824 1066 3874 ut
1083 3813 1336 3894 superstitiosum
1354 3837 1419 3877 no-

402 3919 481 3982 tavit
495 3917 631 3980 Plinina:
654 3919 761 3992 „Vana
776 3918 965 3994 mortalitas,
990 3929 1022 3978 et
1034 3918 1072 3978 ad
1087 3919 1418 4002 circumseribendum

401 4043 435 4082 ae
454 4024 550 4103 ipsam
569 4023 742 4102 ingeniosa,
765 4036 923 4104 computat
940 4045 1028 4084 more
1042 4023 1187 4085 Thracia
1204 4025 1322 4104 gentis,
1343 4043 1417 4104 qum

382 4126 535 4190 .oalcnlos
557 4129 664 4190 colore
691 4129 854 4194 distinctos
869 4115 928 4213 pro
944 4131 1162 4210 experimento
1176 4131 1325 4210 ruinaque
1346 4125 1421 4188 diei

399 4228 433 4289 in
453 4241 565 4294 urnam
590 4237 715 4312 condit,
737 4257 773 4295 ao
795 4257 941 4316 supremo
966 4236 1017 4295 die
1041 4235 1197 4316 separatos
1220 4235 1420 4304 dinumerat,

399 4343 492 4411 atque
509 4335 552 4395 ita
569 4339 608 4398 de
622 4361 745 4420 qnoque
762 4341 951 4417 pronuntiat.
995 4339 1081 4416 Quid
1098 4339 1198 4418 quod,
1221 4339 1278 4399 iate
1296 4335 1421 4398 calculi

399 4437 534 4496 candore
551 4439 606 4500 illo
629 4442 768 4506 laudatur
786 4444 853 4506 dier
869 4444 1023 4524 originem
1042 4445 1117 4507 mali
1134 4445 1268 4508 habuit?
1284 4449 1340 4506 tre.
1368 4439 1420 4502 Η.

397 4543 437 4605 Ν.
456 4561 483 4626 7,
501 4544 553 4606 40.

600 4712 604 4753 Ι
714 4710 719 4720 1
