3052 5202
553 514 641 566 sar.
670 517 728 564 ιιι.
759 497 916 564 54-56.’
1190 505 1263 592 275

173 773 286 846 fuisse
300 771 418 858 lectio,
445 797 525 842 cum
543 783 713 864 exponat:
741 767 985 868 ‚,philosopl1i,
1009 774 1072 866 qui
1086 797 1162 846 non
1177 733 1266 846 ton-⁸
1363 847 1368 856 ,

174 910 387 982 debmttur.“
437 906 492 1003 llli
515 905 641 996 officit,
667 909 765 1004 quod
780 908 919 980 Stoicus
941 909 987 978 ad
1009 918 1127 988 cutem
1149 933 1283 1003 usque*

173 1053 299 1114 tonsus
315 1051 426 1130 esset,
452 1051 488 1112 et
502 1039 587 1114 bino
603 1031 801 1116 aLuciano
818 1041 984 1116 Hermot.
1008 1046 1063 1116 18.-
1084 1069 1154 1138 per
1169 1046 1264 1116 irri-

173 1179 311 1250 sionem
329 1179 473 1248 diclusi
489 1207 609 1262 πωγων
627 1193 739 1262 paors
755 1207 814 1246 aas
831 1189 868 1246 ἐν
886 1187 985 1262 xpus?
1004 1209 1110 1270 napa,
1135 1181 1195 1251 cui
1211 1180 1264 1250 il·-

174 1313 236 1385 tud
252 1313 347 1418 apud
369 1311 570 1385 Iuvenalem
589 1335 623 1402 a,
645 1315 701 1388 15.
718 1315 902 1388 convenit:
929 1313 1149 1404 „supercilio
1171 1315 1263 1383 bre-

173 1447 408 1520 riorooma.“
444 1448 564 1526 Obiit-i
582 1449 728 1542 quidem
741 1448 898 1542 poterit,
921 1468 1059 1517 comam
1077 1425 1265 1538 apudllo-
1354 1503 1380 1558 .·

174 1604 300 1652 manos
313 1581 483 1658 nutritam
498 1582 608 1654 fuisse
621 1585 666 1653 ad
682 1582 881 1677 pubertatis
894 1549 1174 1676 aequatempus,
1193 1599 1275 1651 art-¹
1324 1639 1329 1652 .

174 1737 262 1786 num
284 1715 420 1788 scilicet
438 1729 606 1814 quartum
622 1718 823 1804 decimum,
849 1727 885 1786 et
897 1715 966 1788 hoc
980 1715 1101 1810 elapso
1116 1715 1263 1788 demum

172 1852 380 1942 praecisam,
403 1861 493 1924 teste
509 1850 652 1924 Acrone
666 1851 711 1922 atl
725 1849 818 1922 Hor.
833 1847 902 1920 Od.
922 1855 956 1940 4,
976 1873 1031 1942 to,
1049 1871 1079 1920 2.
1106 1851 1262 1922 Martia-

173 1984 243 2058 lem
258 1987 369 2080 igitur
380 1989 415 2075 5,
424 1989 483 2074 58,
495 1987 551 2055 50.
566 1985 772 2079 impuberes
787 1981 1032 2079 „oapillatos‚“
1047 1995 1082 2054 et
1095 1985 1262 2061 Persium

178 2143 209 2204 1,
233 2141 290 2212 29.
314 2121 509 2211 ‹liscipulos
529 2121 689 2191 cirrotoa
711 2118 853 2190 dixisse.
905 2117 979 2186 Hic
1002 2139 1090 2190 vero
1112 2143 1195 2189 cum
1216 2121 1262 2190 de

172 2254 317 2346 porticu
332 2254 450 2324 Stoica
465 2256 612 2326 omnino
626 2265 769 2350 agatur,
790 2252 898 2324 lectio
917 2253 1164 2342 „indetonsa‚“
1180 2279 1260 2348 qnae

173 2387 220 2456 de
237 2388 408 2460 Romanis
422 2389 561 2460 cirratis
575 2386 806 2482 intelligenda
822 2397 932 2474 esset,
955 2409 977 2454 a
996 2411 1037 2458 re
1053 2388 1168 2460 aliena
1184 2393 1260 2462 visa

170 2533 242 2612 est,
268 2521 372 2594 altori
397 2533 434 2592 et
460 2523 633 2612 detorta,
660 2521 923 2598 emembranis
948 2521 1133 2614 pluribus,
1162 2535 1198 2592 et
1219 2525 1257 2592 in

169 2654 224 2726 his
239 2655 358 2728 Haun.
381 2677 410 2728 t.
430 2661 462 2730 4.
487 2619 694 2752 criticisque
711 2657 879 2752 inprimis
897 2653 1166 2726 recensionibus
1184 2656 1259 2724 Ca-

172 2790 345 2875 sauboni,
363 2790 535 2862 Passowii
546 2801 583 2860 et
597 2791 726 2862 Orellii
745 2801 920 2883 receptae,
945 2785 1201 2882 postponenda.

250 2987 308 3056 55.
362 2985 548 3080 stimans
572 2987 797 3080 leguminum
821 3013 887 3058 seu
910 2987 1074 3062 fabarum
1097 2945 1280 3094 folliculi„

171 3119 338 3190 ciborum
361 3119 571 3192 vilissimum
594 3144 726 3214 genus,
771 3121 913 3192 Graecis
933 3151 1089 3204 usqam.
1116 3137 1197 3204 κιρ.
1216 3133 1260 3192 ὠν

171 3263 301 3336 ἤσθιον
320 3265 353 3322 ta
372 3285 498 3336 torpet·
514 3254 603 3326 Luc.
626 3249 747 3342 15,16.
772 3253 928 3330 Horatio
943 3269 1039 3330 vales
1051 3259 1161 3349 „vivii
1177 3261 1259 3332 Sili-

172 3393 253 3484 quis
268 3403 303 3463 ot
313 3417 405 3486 pana
423 3391 615 3480 secundo‚“
635 3391 703 3484 Ep.
724 3409 757 3480 a,
778 3413 791 3460 1
796 3442 810 3480 ,
828 3391 908 3462 125.
928 3369 1009 3486 auae
1025 3397 1130 3468 etiam
1150 3399 1260 3470 Iuve-

171 3527 240 3596 nal
262 3551 316 3616 ιι,
338 3529 396 3598 58.
423 3551 493 3620 pro
514 3501 723 3622 lrugalitata
740 3537 937 3620 ponuntur.
989 3530 1055 3618 Iis,
1081 3555 1162 3626 quoe
1184 3533 1259 3602 Ca·
1356 3533 1359 3545 '

172 3641 347 3768 saubonus
365 3664 516 3736 detorta
527 3663 686 3760 polenta
700 3662 832 3750 attulit,
857 3663 964 3735 adiici
989 3677 1139 3757 possunt
1155 3663 1257 3754 Virg.

170 3797 255 3866 AEn.
276 3821 307 3882 1,
326 3799 404 3870 185.
421 3809 457 3870 et
465 3798 569 3871 ovid.
581 3797 667 3870 Met.
686 3799 719 3886 5,
736 3797 819 3868 450.
837 3800 966 3892 quibus
980 3799 1112 3872 veteris
1129 3795 1260 3864 admo-

170 3953 304 4000 nemur
317 3931 441 4018 moris,
465 3903 591 4002 nullibi
606 3933 684 4003 sine
701 3931 832 4004 damno
852 3932 998 4018 abalim,
1013 3953 1085 4021 quo
1106 3929 1259 3998 taranta

170 4063 399 4152 torrebatur,
432 4087 538 4155 quam
560 4066 779 4157 molebatur,
805 4077 840 4136 et
863 4075 940 4135 tum
955 4065 1100 4136 demum
1119 4087 1259 4161 eoque-

172 4199 287 4270 batur.
339 4197 398 4266 Sic
413 4197 493 4286 „far
507 4197 562 4268 bis
578 4203 729 4271 tostum“
746 4201 848 4296 panis
864 4211 927 4271 cst.

248 4397 306 4468 56.
335 4397 393 4494 57.
445 4399 498 4470 Et
524 4397 591 4470 tibi
616 4401 679 4498 qui
703 4401 845 4475 Samios
871 4395 1018 4476 diduxit
1044 4399 1111 4478 &a
1151 4403 1260 4496 „No-'

170 4534 286 4606 rimus
310 4533 550 4634 Pythagoram
575 4537 734 4612 Samium
754 4539 863 4612 vitam
874 4523 1074 4618 humanam
1089 4541 1260 4617 ¹divisisse

899 4697 904 4702 .
1022 4657 1059 4710 18
1314 4649 1322 4663 “
