3046 5206
653 432 759 528 sar.
789 433 845 486 ιν.
1230 419 1302 492 ‘555
1418 437 1424 458 ³

215 558 545 578 m
1138 566 1303 599 ,ῃ

215 713 324 784 quam
339 649 641 806 respondeathaec
659 682 775 760 anus?
792 688 1016 782 respondeat
1024 692 1143 782 prima
1151 713 1302 790 qumque

214 819 428 894 muliercula
442 823 489 894 de
505 819 589 894 soro
605 815 783 894 olitorio?
824 823 952 906 luunc
967 833 1003 894 et
1018 825 1138 897 suilla:
1163 826 1303 922 Agrip·
1398 837 1404 848 ‘

213 958 309 1052 pinta
324 967 419 1030 totus
436 979 505 1051 ego
520 977 621 1046 sum3
644 955 819 1038 candidus
833 979 921 1051 ego;
943 958 1067 1032 matris
1083 960 1304 1034 callidissima
1410 969 1417 988 ¹

213 1093 334 1187 imago
352 1103 389 1164 et
404 1102 542 1162 amator
558 1087 761 1162 fidissimus.
810 1091 956 1184 Integer
966 1091 1088 1188 itaque
1101 1118 1180 1194 sura
1195 1103 1303 1189 atque

213 1227 407 1314 formosus,
432 1226 654 1318 incorruptae
670 1223 788 1304 adhuc
804 1224 946 1316 indolis,
967 1205 1171 1321 incorrupti
1185 1229 1303 1302 adhuc

213 1363 365 1456 saporis.
416 1341 523 1432 Esto!
549 1359 634 1430 dum
660 1381 707 1428 ne
731 1359 891 1432 deterius
907 1359 1121 1453 quidquam,
1146 1361 1233 1432 dum
1256 1386 1302 1432 ne

214 1496 330 1568 maior
345 1492 467 1589 aliqua
474 1491 626 1564 foeditas
635 1489 762 1564 vetulae
777 1489 1060 1586 huicpannuciaa
1076 1495 1122 1566 de
1137 1505 1173 1566 te
1188 1494 1310 1566 subo-¹
1332 1465 1346 1484 .

214 1630 296 1718 leat,
312 1655 395 1702 cum
411 1649 534 1702 vernae
549 1637 624 1716 tuo,
638 1629 701 1722 qui
715 1627 808 1700 bene
819 1628 1018 1702 discinctus
1033 1627 1096 1700 tibi
1113 1627 1302 1717 ministrat,

214 1774 359 1836 cantare
376 1762 489 1836 soleat
504 1760 641 1851 ocima,
664 1769 810 1856 tamque
827 1760 982 1838 fidenter
996 1763 1207 1851 acclamare,
1229 1760 1302 1833 hoc

82 1953 89 1972 .
181 1923 185 1945 ¹
213 1923 391 1972 venenum
408 1907 449 1968 ut
465 1879 560 1966 emal
575 1912 751 1970 venerem
761 1895 816 1968 rel
832 1898 1009 1970 acerrime
1026 1897 1307 2000 stimulansf‘ffi

214 2033 277 2103 Vs.
296 2033 443 2104 25-52.
497 1997 643 2102 Persius
664 2030 792 2104 vitium
815 2029 962 2124 aliquod
978 2031 1180 2104 hmanum,
1192 2041 1302 2120 notat,

213 2167 260 2238 ad
274 2164 417 2238 Phaedr.
435 2163 506 2236 lab.
523 2165 558 2254 ti,
576 2187 610 2258 9.
625 2165 690 2236 sed
706 2167 814 2238 etiam
830 2165 876 2236 ad
889 2165 1075 2237 Neronem
1091 2163 1299 2260 respiciens.

151 2313 154 2320 ’
212 2299 347 2374 Abhoc
363 2300 460 2372 enim
476 2299 705 2393 spectabatur
717 2299 885 2372 mentm
901 2297 940 2370 in
958 2311 1061 2396 tergo
1076 2296 1198 2392 aliquo
1213 2302 1302 2374 iere

205 2433 442 2532 praecedente
448 2485 462 2522 ‚
495 2430 638 2508 Claudii
660 2435 834 2508 minirum
857 2433 1020 2510 Caesaris.
1071 2433 1303 2529 Quamquam
1364 2431 1367 2438 ’

210 2567 330 2656 Nero,
361 2591 491 2656 „orsus
513 2569 597 2644 hinc
621 2592 643 2642 a
664 2568 808 2664 pietatis
824 2569 1078 2656 amentatione,
1109 2562 1327 2640 Claudium·
1397 2603 1406 2618 =

212 2701 485 2793 apparatissimo
509 2702 640 2776 frurere
663 2703 796 2774 elatum
817 2699 1026 2789 laudaverat
1049 2677 1086 2770 el
1107 2721 1304 2772 consecra-

134 2803 148 2844 ἰ
213 2841 334 2920 verat,
358 2833 501 2908 Sueton.
518 2835 657 2925 Ner.·9.
682 2835 780 2908 idern
801 2843 921 2903 tamer
935 2833 1132 2922 honorem,
1166 2855 1239 2925 quo
1262 2833 1301 2906 ia
1341 2815 1343 2820 ⁸

213 2967 380 3042 Deorum
407 2987 601 3038 numerum
629 2966 762 3040 relatus
795 2973 876 3078 erat
903 2945 1094 3054 Claudius,
1136 2965 1303 3054 abolevit,

65 3199 72 3208 Ι
214 3100 299 3172 ibid.
331 3097 458 3172 Claud.
492 3103 551 3172 45.
582 3111 619 3172 et
635 3081 817 3172 'omnibus
864 3119 1000 3172 rerum.
1034 3099 1303 3194 verborumque
1346 3131 1350 3146 ·

215 3233 440 3306 oorrtumcliis
462 3245 647 3309 mortuum
669 3235 863 3306 insectatus
876 3242 959 3324 eat,
998 3235 1108 3306 modo
1132 3231 1302 3322 samaria,

215 3371 324 3442 modo
347 3368 494 3440 saevitiae
509 3371 701 3464 arguens,“
724 3369 813 3446 ibid.
828 3367 915 3442 Ner.
934 3371 992 3442 53.
1041 3369 1212 3443 Claudius
1228 3393 1302 3441 no-

214 3506 312 3576 mine
329 3505 413 3578 ficto
434 3503 478 3576 V
472 3503 600 3576 ectidii
612 3505 835 3600 significatur
850 3525 872 3574 a
886 3501 1071 3592 vehendo,
1092 3503 1192 3598 quod
1212 3501 1302 3596 plu·
1339 3473 1344 3496 ’

215 3642 433 3714 risuum-aut
456 3661 569 3713 curm
591 3607 789 3714 vehebatur
811 3648 874 3714 aut
894 3635 1037 3728 lectica,
1070 3639 1157 3738 ibid.
1175 3635 1300 3708 Claud.

218 3777 275 3844 30.
301 3773 375 3848 Dio
389 3775 487 3846 Cass.
506 3773 568 3862 60,
584 3793 616 3843 a.
643 3757 704 3845 aut
719 3771 874 3848 lectione
889 3773 1023 3842 adscita
1038 3769 1259 3857 ‚‚Ventidii,“
1279 3791 1303 3838 a

215 3917 342 3980 ventre
363 3905 422 3982 rel
444 3916 569 3993 santo,
615 3909 713 4001 quod
733 3907 800 3980 hec
822 3909 869 3980 da
893 3930 935 3979 re
958 3906 1091 3974 dicitur
1113 3903 1300 3974 meditatus

216 4042 394 4128 edictum,
418 4041 520 4114 Suet
538 4040 662 4112 Claud.
680 4041 737 4112 52.
789 4040 881 4114 Diis
895 4038 1005 4110 iratis
1018 4047 1123 4144 natus
1137 4036 1216 4130 ipsa
1228 4039 1300 4110 Se·
1348 4059 1353 4067 ·

218 4199 317 4246 necae
333 4174 446 4247 rerba
459 4166 543 4265 sinit
558 4174 603 4247 de
616 4174 780 4246 Claudio.
814 4173 1004 4246 Tenacitaa
1012 4155 1167 4246 Vectidii
1184 4173 1301 4246 aliana

215 4297 363 4404 quidem
375 4331 400 4396 a
414 4307 584 4400 Claudio,
609 4311 671 4404 qui
695 4309 884 4397 „canusia
907 4309 1049 4404 agitavit
1072 4319 1109 4382 et
1131 4307 1251 4407 ampla
1265 4316 1314 4394 et,
1405 4323 1437 4400 ἢ
1489 4366 1494 4374 .

216 4447 380 4532 midos,
419 4463 462 4512 ac
492 4441 571 4514 fere
594 4445 847 4540 patentissimis
871 4443 979 4532 locis,
1018 4455 1070 4604 ut³
1083 4443 1298 4537 plerumque

1030 4564 1047 4603 ²
1085 4553 1098 4578 η
1123 4596 1127 4616 ι
