3052 5202
471 465 484 478 ⁸
514 473 518 478 ¹
577 503 837 598 sar.11.„rt.
1162 501 1253 618 '189

154 781 233 856 vid.
254 781 294 851 P.
312 765 512 852 llorestolli
531 777 669 873 Pompa
683 777 823 851 Feralis
843 800 900 868 ro,
917 759 992 851 det
1008 781 1042 850 5.
1066 779 1150 852 Hoc
1165 803 1253 856 uero

152 919 352 987 decretum
365 939 438 987 non
451 915 542 986 adeo
558 905 728 986 ferreum·
738 911 870 1002 lautae,
895 925 935 986 ut
951 912 1088 986 nullam
1105 915 1255 987 omnino
1277 932 1283 964 ¹

152 1023 411 1143 exceptionem
433 1049 606 1136 haberet,
647 1059 684 1118 et
714 1047 815 1118 locus
846 1047 908 1118 illo
930 1048 1108 1122 Martialis
1133 1061 1170 1122 et
1191 1049 1254 1144 alli

153 1184 308 1256 Senecae
328 1195 365 1253 et
387 1181 535 1256 Pbaedri
557 1185 603 1254 de
624 1181 777 1254 conditis
801 1183 1034 1262 cadaveribus
1057 1185 1252 1260 ostendero

151 1317 353 1404 videntur,
387 1317 458 1386 uisi
481 1339 544 1386 eos
566 1315 691 1388 forsan
709 1316 754 1388 de
773 1288 896 1388 cinero
911 1317 1012 1389 humi
1027 1319 1172 1390 condito
1179 1343 1253 1394 ex-

151 1451 365 1546 plicaveris.
419 1447 559 1522 verum
575 1449 728 1521 obiectio
744 1449 894 1520 maioris
907 1451 1082 1523 momenti
1094 1449 1174 1522 heo
1190 1463 1254 1543 est,

108 1613 112 1626 ·
152 1585 262 1682 quod
292 1584 460 1670 Servius,
505 1583 654 1656 vetustis
680 1582 750 1653 illis
781 1579 949 1655 Turnbbi
981 1595 1018 1656 et
1042 1585 1253 1682 ‚conmori

153 1717 430 1821 exemplaribus
446 1715 650 1810 antiquior,
682 1741 766 1787 cum
780 1717 826 1787 nd
839 1717 942 1825 Virg.
957 1719 1092 1814 Georg.
1109 1727 1144 1810 4,
1164 1721 1252 1798 256.
1329 1791 1331 1798 ,

154 1879 307 1928 verstmr
322 1855 408 1925 citat
418 1852 550 1938 Persii,
574 1873 655 1924 non
666 1851 881 1939 „conditur“
895 1849 1001 1946 legat,
1013 1855 1080 1924 sed
1092 1857 1250 1929 ducitur.

154 1989 283 2082 Quam
297 1987 490 2060 lectionem
503 1985 760 2074 Casaubonus,
778 1995 879 2056 tanta
900 1985 1015 2056 fretur
1029 1990 1252 2080 auctoritato,

153 2125 278 2195 textui
297 2123 397 2194 haud
417 2131 557 2190 temere
581 2119 748 2190 restituit
808 2117 948 2192 Verum
968 2119 1117 2195 Servius
1139 2122 1251 2212 addit,

154 2259 299 2328 ducere
315 2277 392 2326 esse
407 2255 558 2348 proprie
572 2253 763 2342 funerum,
795 2277 909 2348 eaque
932 2254 1190 2348 significatione
1208 2256 1249 2353 in

152 2391 281 2484 Persii
303 2354 408 2463 versu
431 2411 508 2459 esse
532 2389 800 2482 accipiendum,
820 2387 964 2483 ¹quibus
978 2389 1105 2499 ,verbis
1126 2392 1249 2466 intor-

153 2537 281 2620 protes
295 2519 458 2612 adducti,
481 2543 609 2596 vocem
624 2525 671 2596 da
683 2547 802 2598 uxore
817 2523 921 2598 Nerii
936 2523 1093 2618 sepulta,
1117 2528 1249 2600 adro-

154 2683 243 2754 gum
261 2633 364 2748 elata,
377 2669 620 2751 smupserunt.
647 2657 719 2728 Sed
735 2643 804 2728 ille
817 2658 914 2730 uocis
931 2657 1144 2749 significatio
1159 2660 1248 2732 adeo
1380 2651 1383 2660 ’

156 2795 270 2868 dubia
286 2805 357 2882 est,
385 2804 427 2862 ut
445 2813 493 2862 ne
512 2789 858 2883 lexicographorum
874 2787 1020 2882 quidem
1034 2787 1249 2882 locupletis-

154 2929 239 3000 simi
253 2951 332 2998 eam
347 2923 532 2996 Latinitati
547 2921 745 2995 obtrudere
761 2922 840 2994 ausi
856 2919 934 2993 smt.
985 2919 1124 2994 Versus
1146 2935 1246 2998 corto
1335 2893 1341 2948 .·

152 3059 393 3154 virgilianus,
418 3059 458 3130 in
474 3082 548 3152 quo
563 3057 695 3128 ducere
711 3058 756 3128 de
770 3057 904 3126 funere
918 3055 1041 3148 apium
1054 3057 1248 3152 metapho-

154 3194 237 3264 rice
253 3193 418 3292 sumitur,
442 3215 518 3264 non
533 3191 690 3286 exempli
704 3190 786 3262 loco
801 3191 1041 3264 adducendus.
1093 3193 1249 3268 Videtur
1323 3215 1329 3228 ·

155 3325 428 3398 Grammaticus
450 3327 613 3422 quidam,
652 3325 990 3421 interpretationem
1012 3329 1131 3404 Seruii
1152 3353 1247 3427 par-

155 3483 288 3554 peram
307 3473 469 3552 secutus,
494 3485 622 3534 vocem
642 3463 873 3554 ‚,conditur“,
895 3473 937 3534 nt
953 3463 1130 3560 glossam,
1163 3465 1246 3540 loco

156 3597 276 3668 Persii
291 3597 521 3690 apposuisse,
542 3620 615 3691 quo
629 3598 763 3670 sectum
778 3611 844 3690 est,
867 3609 910 3670 ut
922 3600 1037 3672 textui
1049 3601 1195 3674 Pithoei
1209 3611 1248 3672 et
1355 3685 1362 3701 Χ

156 3731 426 3822 exemplaribus
448 3731 496 3800 ad
517 3752 603 3802 eum
623 3735 831 3826 compositis
844 3732 909 3804 illa
921 3755 994 3808 vox
1009 3735 1247 3823 insereretur,

156 3876 194 3936 et
214 3863 528 3954 interpretamenti
556 3860 639 3932 loco
660 3887 683 3934 a
700 3865 888 3962 plerisque
906 3867 1248 3939 commentatoribus

156 4006 356 4070 teneretur.
398 3993 458 4066 De
475 3996 657 4089 plerisque
671 3997 764 4087 dico,
783 4021 859 4070 non
873 3999 1054 4070 omnibus.¹
1093 4001 1147 4074 lta
1157 3999 1244 4076 Luc.

158 4133 209 4204 Io.
225 4135 387 4224 Scoppa‚
413 4129 679 4201 Grammaticus
692 4129 970 4226 Neapolitanus,
1002 4153 1080 4204 saec.
1101 4137 1245 4212 ineunte

163 4265 476 4354 suauissimus,
500 4265 540 4336 in
554 4261 748 4336 Collectan.
763 4285 801 4354 a,
821 4288 884 4340 12:
918 4266 1095 4360 „Auarus,
1120 4277 1245 4346 uxoris

160 4413 315 4472 mortem
338 4401 566 4488 desiderans,
590 4400 726 4474 invidet
745 4404 881 4490 Nerio,
904 4405 966 4498 qui
989 4377 1124 4480 duabus
1138 4432 1245 4480 mor·
1292 4437 1295 4446 ·
1368 4448 1376 4476 a

161 4537 230 4608 tuis
254 4537 431 4610 uxoribus
453 4549 537 4612 tunc
563 4539 706 4613 tertiam
727 4541 897 4634 ducebat,
923 4551 960 4613 et
976 4542 1028 4616 sic
1042 4543 1244 4634 ditescebat,
