2932 5206
563 531 910 615 snr.1.,151.132.
1196 561 1262 631 ¹7¹
1312 601 1324 614 ,.

179 675 513 702 ananan-

183 816 309 901 donis,
335 825 502 882 notarum
518 811 741 882 musicarum
755 807 966 894 inventoris,
993 807 1123 878 nobilis
1140 812 1264 901 patria.
1355 817 1356 825 ’

182 949 415 1019 Geminatum
431 971 451 1017 r
467 945 604 1019 Arretii
618 955 654 1015 et
667 942 850 1030 Arretini,
872 943 970 1037 quod
991 951 1044 1012 cst
1058 943 1097 1013 in
1113 945 1268 1038 antiquis

181 1081 475 1174 inscriptionibus
497 1087 546 1168 (v.
570 1077 700 1151 Duker
719 1087 756 1149 et
775 1075 957 1149 Drahonb.
982 1079 1029 1149 ad
1047 1078 1128 1152 Liv.
1153 1099 1189 1173 9,
1207 1079 1267 1150 52.

181 1215 256 1287 init.
274 1225 311 1288 et
329 1237 387 1306 ιο,
408 1215 468 1306 57,
486 1216 539 1300 4.)
554 1213 657 1282 codd.
673 1208 789 1282 nostri
805 1212 1019 1304 improbant.
1150 1227 1158 1242 ¹
1175 1240 1178 1251 ’

261 1421 344 1488 131.
396 1379 547 1486 Abarin
567 1409 625 1484 vel
647 1411 835 1500 abaculus,
859 1411 1076 1483 Graecorum
1098 1419 1191 1492 ἀβαξ
1213 1413 1272 1484 rel

181 1562 400 1636 aseneum.
451 1545 683 1618 casaubonus
699 1543 814 1615 abaco
826 1543 1100 1636 aritiuneticam,
1126 1557 1163 1620 et
1172 1547 1271 1642 pul-
1380 1641 1382 1646 Ι

179 1711 267 1762 vere
293 1681 525 1780 geometriam
554 1679 750 1776 significari
785 1679 916 1768 voluit,
966 1704 1048 1774 quae
1075 1681 1269 1774 descriptio

179 1821 404 1906 matheseos,
438 1815 623 1894 veteribus
643 1813 808 1903 insolita,
831 1838 875 1884 eo
898 1814 1006 1884 etiam
1025 1817 1172 1886 nomine
1189 1815 1270 1892 dis«,

177 1955 309 2052 plicuit
322 1949 531 2034 Passowio,
555 1947 654 2040 quod
677 1947 807 2017 abacus
822 1969 955 2034 arena,
978 1947 1084 2022 lineis
1098 1949 1269 2031 ducendis
1380 2025 1384 2036 ,

180 2089 369 2182 apposita,
401 2079 717 2174 conspergebatur.
789 2079 928 2152 Verum
953 2080 1156 2152 mensulam
1177 2105 1271 2172 geo-

128 2263 136 2275 ,
181 2219 395 2310 metricam,
433 2213 493 2286 cui
516 2236 627 2288 arena
651 2215 698 2286 ad
719 2213 853 2308 figuras
881 2215 1089 2300 scribendas
1114 2215 1272 2290 adhibita

184 2367 258 2443 est,
284 2351 423 2450 Graecis
440 2361 477 2422 et
492 2348 665 2420 Romanis
681 2345 839 2419 abacum
855 2349 985 2421 dictam
1003 2373 1098 2440 csse,
1128 2351 1271 2444 negavit

183 2485 249 2562 cel.
266 2485 474 2560 Groteseud.
533 2479 702 2556 Abacum
715 2482 776 2554 hic
792 2483 879 2555 dicit
891 2483 1049 2557 tabulam
1063 2483 1270 2556 arithmeti-

181 2649 280 2712 cam,
325 2623 372 2694 ad
405 2619 580 2692 decadem
609 2619 936 2704 accommodatam,
981 2617 1199 2710 Pythagorce
1225 2637 1271 2686 ex

184 2760 345 2850 AEgypto
366 2753 566 2844 cognitam,
591 2773 748 2820 necnon
765 2749 944 2838 tabulam,
968 2749 1130 2818 numeris
1144 2747 1275 2818 multi-.
1343 2833 1349 2844 ἱ

185 2887 364 2984 plicandis
389 2885 540 2971 factam,
576 2905 658 2977 quae
681 2883 813 2953 dicitur
834 2879 1095 2975 Pythagorica,
1125 2879 1170 2951 ab
1193 2879 1272 2971 ipso

188 3021 398 3118 Pythagora
411 3019 565 3089 inventa.
617 3019 772 3102 Locum,
795 3037 904 3108 quem
917 3026 1120 3101 tractamus,
1144 3015 1273 3103 Persii,

186 3156 282 3229 nrale
318 3152 559 3240 intellectum,
610 3172 777 3222 errorem
809 3147 999 3218 adduxisse
1031 3149 1219 3226 existimat.
1239 3155 1272 3236 ²⁸)

189 3290 283 3380 Quae
305 3289 336 3358 si
358 3288 408 3358 ita
430 3287 520 3376 sint,
552 3283 801 3378 interpretatio
816 3283 1020 3358 Cosauboni
1042 3306 1116 3354 non
1131 3282 1272 3355 videtur

186 3415 396 3496 reficienda.
447 3423 522 3494 Pro
545 3431 662 3508 secto,
687 3420 822 3509 diviso,
848 3419 1051 3490 Grotefend
1069 3417 1092 3490 1.
1109 3419 1167 3490 cit.
1185 3415 1273 3514 legit

184 3559 339 3652 '„fact0,“
362 3557 460 3656 qnod
480 3557 596 3630 nostri
621 3555 723 3630 codd.
746 3577 871 3626 omnes
893 3556 1108 3650 improbant.
1160 3554 1274 3626 Haud
1380 3629 1383 3634 ,

183 3705 323 3767 temere
338 3695 489 3768 membr.
498 3689 663 3765 Norimb.
679 3701 717 3760 et
730 3693 845 3796 codex
860 3687 981 3762 Haun.
1000 3693 1021 3758 4
1038 3688 1078 3757 in
1094 3685 1272 3774 omittunt,
1307 3719 1323 3805 'v

188 3826 254 3899 sed
266 3825 427 3920 plurium
443 3826 630 3924 sequimur
643 3825 904 3901 auctoritatem,

271 4025 352 4096 152.
379 4023 456 4093 Scit
470 4017 538 4095 &o
556 4023 595 4092 in
608 4019 680 4092 hoc
693 4033 833 4094 tantum
847 4016 1068 4112 ingeniosus,
1084 4027 1271 4115 promptus

191 4161 408 4235 cachinnum
422 4155 551 4232 tollere
571 4151 643 4228 dte.
742 4125 757 4138 κ

190 4347 486 4370 m*

164 4454 167 4462 Ι
208 4479 240 4566 t)
274 4479 354 4562 ang.
371 4479 544 4562 Encyklop.
568 4480 626 4543 der
643 4478 837 4548 wissensch.
859 4501 888 4545 u.
903 4475 1033 4571 Kiinstef
1075 4482 1161 4560 Lips.
1179 4483 1270 4547 ¹818}

273 4589 320 4652 tit.
333 4589 370 4650 Α.
385 4587 419 4649 Β.
436 4589 470 4650 C.
