3046 5206
603 389 690 472 sur.
711 391 791 460 111.,
818 347 938 442 86988
957 395 1008 468 sq.
1173 331 1180 354 ο
1277 351 1354 474 Υεςι

268 651 320 744 Ut
340 649 440 740 enim
461 649 632 724 iuvenum
653 650 827 722 desidiam
855 661 892 720 et
913 651 951 722 in
974 651 1097 722 studiis
1122 653 1359 753 philosophiae

270 785 524 878 negligentiam
547 785 625 858 haec
643 785 774 872 satira,
811 783 863 854 ita
881 783 1115 878 petulantiam
1139 799 1239 859 notat
1259 793 1360 864 locus

269 915 393 1006 Plinii,
409 919 446 990 in
462 941 535 1012 quo
551 930 707 990 mortem
724 917 928 1028 lunii-Aviti
943 923 997 994 sui
1006 975 1019 1011 ,
1047 923 1282 1020 adolescentis
1298 927 1361 996 in-

269 1071 399 1152 genuae
412 1050 559 1142 indolis,
585 1053 761 1148 deplorat.
773 1051 809 1140 i)
843 1055 1037 1128 Notionem
1052 1057 1227 1149 mollitiei,
1253 1083 1362 1156 quam
1486 1099 1489 1108 .

269 1185 351 1260 voci
378 1197 504 1258 torosa
530 1187 647 1258 inesse
677 1189 853 1278 diximus,
884 1213 971 1260 usus
992 1191 1196 1266 diminutivi
1218 1198 1363 1288 probat.

232 1367 236 1378 ·
269 1323 323 1393 lta
343 1321 596 1418 Hieronymus
615 1323 728 1416 Epist.
751 1323 810 1412 47.
831 1324 1053 1411 „torosulum
1078 1327 1172 1396 etin
1194 1329 1362 1402 sordibus

270 1457 489 1532 delicatum“
518 1457 626 1544 dixit,
652 1467 687 1526 et
710 1459 747 1528 in
768 1456 954 1528 Iovianum
979 1479 1014 1544 a,
1042 1459 1096 1528 14.
1133 1461 1363 1548 „Formosuli
1478 1509 1487 1536 t

271 1593 387 1664 nostri
403 1603 440 1662 et
456 1591 621 1676 torosuli,
648 1602 684 1662 et
698 1593 760 1664 vix
775 1591 924 1661 summis
938 1591 1092 1700 pedibus
1108 1591 1363 1690 adumbrantes

269 1726 435 1820 uestigia,
460 1750 617 1820 quorum
635 1727 749 1802 verba
762 1726 802 1798 in
817 1725 949 1820 pugnis
964 1737 1047 1798 sunt
1061 1738 1096 1798 et
1109 1726 1306 1822 syllogismi
1321 1731 1362 1802 in

269 1859 461 1946 calcibus.“
668 1829 672 1844 ἢ
1305 1845 1308 1855 ’

278 2075 282 2086 -
352 2033 412 2122 87.
463 2030 592 2102 Nativa
613 2031 809 2124 descriptio
826 2031 932 2102 soluti
953 2031 1067 2118 risus,
1092 2054 1165 2124 quo
1182 2029 1229 2101 ba
1246 2032 1293 2106 ha
1313 2033 1363 2106 ba

272 2163 437 2234 trenmla
466 2185 556 2236 voco
584 2165 756 2255 iteratur,
794 2187 901 2252 naso,
942 2166 1037 2236 risus
1058 2167 1163 2256 sede,
1195 2168 1236 2238 iu
1253 2191 1361 2262 rugas

270 2309 464 2370 contracto.
492 2297 537 2370 cs.
556 2301 593 2388 5,
607 2321 666 2392 9¹·

343 2465 514 2540 88-106.
567 2467 811 2562 Philosophiae
832 2469 961 2540 doctor
986 2471 1183 2561 respondet
1211 2491 1279 2560 per
1303 2471 1361 2538 si-

265 2603 524 2690 militudinem,
551 2601 775 2696 desumptam
799 2603 844 2671 ab
862 2627 979 2698 aegro,
1004 2604 1067 2696 qui
1082 2601 1256 2695 *neglecto
1276 2627 1361 2672 me-

268 2731 351 2807 dico
363 2736 486 2845 perit.'
525 2733 584 2804 Ob
610 2735 877 2828 ambiguitatem
902 2737 1034 2830 dialogi
1056 2738 1155 2809 iuvat
1175 2757 1362 2829 apponere
1451 2796 1454 2804 .

269 2863 526 2964 paraphrasin:
559 2867 738 2958 „Inspicez
773 2881 897 2958 pectus
918 2871 1075 2962 trepidat
1095 2870 1204 2960 mihi,
1237 2873 1361 2942 nescio

270 3027 380 3100 quam
396 3003 556 3089 obrem,
582 3012 620 3071 et
632 3001 795 3072 saucibus
811 3025 908 3094 oegre
929 3004 1148 3094 spirantibus
1169 3015 1362 3098 exsuperat

269 3131 388 3234 gravis
401 3134 552 3228 halitus;
578 3131 740 3228 explora,
766 3157 899 3227 quaeso,
921 3137 1009 3229 quid
1023 3138 1068 3207 sit
1081 3139 1234 3210 morbi.“
1284 3139 1361 3230 Qui

270 3263 391 3347 uerbis
406 3269 584 3342 eitnmodi
602 3265 829 3362 compellavit
843 3269 1035 3360 medicum,
1051 3271 1196 3344 iubetur
1210 3273 1361 3366 requie-

150 3422 153 3434 ·
270 3431 382 3480 scere.
446 3407 639 3500 Postquam
668 3403 775 3475 tertia
797 3415 900 3476 nocte
920 3405 1192 3500 animadvertit,
1222 3417 1362 3478 meatus

269 3541 453 3640 sanguinis
471 3563 546 3612 non
560 3540 714 3634 amplius
729 3563 809 3610 esse
826 3543 1032 3631 concitatos,
1057 3545 1182 3617 vinum
1193 3543 1362 3612 Surren-

268 3679 402 3768 tinum,
426 3690 611 3770 tamquam
636 3675 776 3766 mitius,
808 3677 951 3750 edomo
964 3677 1106 3750 ditioris
1119 3673 1225 3745 amici
1246 3670 1284 3742 ia
1301 3669 1361 3754 la-¹

291 4006 327 4086 *)
357 4003 519 4090 „nnuma
542 4003 655 4090 inquit,
671 4005 750 4096 ,boc
766 4007 1015 4098 adolescentibus
1031 4003 1158 4070 nostris.
1177 4007 1258 4098 Nam
1274 4017 1356 4091 quo-2

289 4158 293 4174 .
329 4103 334 4112 ’
356 4107 538 4190 tuaquisque
554 4111 605 4170 vcl
629 4113 711 4174 atati
727 4115 873 4192 alterius,
894 4119 945 4181 vel
969 4114 1164 4192 auctoritati,
1189 4124 1225 4176 ut
1244 4115 1359 4190 minor,

355 4211 464 4276 cedit?
505 4214 615 4276 Statim
639 4217 777 4300 sapiunt,
795 4221 900 4282 statim
926 4217 1029 4283 sciunt
1051 4219 1171 4298 omuia3
1200 4219 1356 4281 neminem

356 4329 523 4398 verentur,
546 4321 709 4388 imitantur
728 4305 905 4408 neminem,
928 4337 1023 4410 atquc
1045 4325 1107 4410 ipsi
1132 4325 1193 4389 sibi
1218 4323 1358 4402 exempla
1425 4327 1427 4337 ¹

356 4427 458 4506 'imm
477 4427 534 4510 ΕΡ·
548 4439 577 4508 ssa
592 4430 644 4493 ²3·
787 4495 791 4504 .
1055 4499 1058 4505 .
1096 4495 1100 4506 .
1141 4519 1158 4556 ἡ

1089 4538 1127 4598 ¹9
