2938 5208
519 487 607 540 sur.
631 487 701 554 vn,
728 491 785 560 79.
1139 471 1211 564 ⁵49

119 590 1212 634 nuhaa-w*-

118 739 321 814 luvenulem
340 743 394 828 14,
404 709 486 811 3'25.
503 745 689 831 „summe“
702 743 859 814 insimili
873 743 1044 814 sententie
1054 769 1209 840 „rugum

116 875 289 946 trehere“
303 875 446 964 dicitur,
461 877 693 948 casaubonus
707 877 742 946 lr.
762 874 785 946 l.
804 879 1028 970 marsupium
1046 881 1208 954 noudum

111 979 311 1082 'distentum
321 1010 378 1084 vel
394 1009 589 1102 expletum,
603 1012 667 1082 sed
679 1011 800 1082 luxum
817 1021 853 1082 et
866 1037 931 1082 ore
944 1013 1048 1082 hians
1065 1015 1206 1107 accipit,

116 1156 154 1216 et
166 1145 285 1219 verbis
303 1143 421 1214 Persii
435 1146 590 1216 eundem
606 1169 750 1216 sensum
766 1146 906 1236 tribuit,
953 1147 999 1220 At
1017 1172 1113 1244 ruga
1128 1171 1206 1220 nu-

115 1263 219 1350 mero
231 1275 405 1371 singulari
420 1301 493 1353 nou
510 1279 624 1374 magis
639 1281 683 1350 de
699 1281 893 1374 marsupio,
920 1303 1026 1382 quem
1045 1283 1090 1352 de
1105 1295 1203 1354 veste

115 1411 245 1482 Latine
268 1411 411 1492 dieitur.
462 1411 538 1484 Nec
561 1415 658 1526 opud
679 1411 883 1488 luvenalem
906 1439 997 1509 ruge
1019 1426 1075 1486 est
1095 1414 1201 1507 plion,

80 1611 84 1626 ,
113 1547 175 1617 sed
190 1545 280 1617 cutis
295 1557 504 1640 corrugata,
528 1549 565 1620 id
579 1549 677 1642 quod
692 1547 831 1620 odiec‘te
842 1550 969 1622 verbe:
994 1549 1203 1652 „extendit-

114 1705 185 1774 que
201 1679 392 1753 labellum“
407 1681 614 1772 ostendunt3
639 1705 751 1776 quere
768 1693 868 1754 vetus
881 1681 1094 1756 scholiastes
1110 1703 1200 1754 ver-

112 1837 193 1886 sum
207 1814 257 1884 ite
272 1817 455 1906 exposuit:
487 1815 548 1906 „Si
569 1816 646 1889 lraec
670 1839 813 1910 quoque
833 1839 973 1886 summe
986 1815 1149 1908 displicet
1162 1826 1201 1886 et

109 1949 251 2018 tristem
273 1948 407 2038 fucit;“
430 1959 465 2019 et
487 1951 532 2018 G.
557 1948 600 2022 A.
626 1951 799 2042 Ruperti,
833 1949 996 2018 eruditus
1017 1949 1197 2022 luvenalis

108 2081 307 2174 interpres,
331 2079 403 2150 huc
423 2082 516 2156 bene
532 2077 655 2156 retulit
669 2083 759 2158 illud
774 2081 990 2175 Anglorum:
1023 2093 1084 2171 „to
1102 2082 1197 2154 bend

108 2209 171 2288 tlie
192 2217 315 2302 brow,
340 2215 411 2286 end
433 2213 529 2311 hung
550 2215 612 2287 the
635 2217 722 2309 lip.“
755 2217 854 2288 Hine
877 2213 997 2288 locum
1021 2215 1197 2314 lureuslie

106 2363 279 2438 tenentes,
287 2373 438 2424 ¹versum
452 2347 570 2422 Persii
584 2351 746 2422 similiter
762 2351 987 2442 exponimus,
1009 2359 1196 2442 preeunte

106 2485 305 2571 Turnebo,
331 2485 393 2576 qui
414 2481 503 2556 Adv.
534 2509 591 2576 17,
611 2507 664 2554 ιο.
689 2483 768 2554 lisso
780 2483 903 2556 hebet:
941 2483 1051 2571 „Iam
1075 2481 1197 2552 decies

105 2619 204 2692 redit
230 2618 268 2686 iu
290 2637 406 2710 rugas
425 2617 522 2707 apud
543 2617 729 2702 Persium,
752 2617 821 2686 nisi
842 2617 1018 2686 memorie
1033 2638 1091 2688 me
1108 2613 1194 2682 fru-

107 2757 262 2834 stretur,
293 2747 426 2837 exponi
448 2747 556 2816 solet:
590 2709 709 2816 decies
732 2767 940 2816 crumenam
965 2769 1039 2816 non
1061 2743 1195 2837 explet,

105 2895 142 2956 et
170 2903 249 2952 sem
283 2879 399 2960 adhue
432 2901 602 2974 rugosum
623 2877 777 2948 necdum
798 2879 986 2948 distentam
1010 2877 1192 2972 relinquit.

104 3017 186 3108 Ego
200 3025 320 3084 temen
335 3025 376 3084 ut
389 3013 485 3086 huuc
499 3033 645 3084 sensum
659 3009 868 3082 insimulare
884 3011 1101 3104 ineptiarum
1118 3033 1193 3082 uon

105 3149 232 3237 susim,
244 3145 275 3240 *)
299 3147 348 3216 ita
363 3148 538 3220 luvenalis
555 3147 829 3242 explicationem
844 3167 1029 3238 opponere
1043 3155 1080 3216 et
1091 3145 1192 3216 obii-

103 3306 189 3353 ecre
204 3281 331 3368 ausim,
348 3285 506 3375 quicum
522 3283 619 3352 idem
634 3303 745 3376 genus
765 3281 907 3352 dicendi
922 3290 1085 3372 usurpet,
1102 3303 1191 3350 reu-

102 3416 250 3486 tcntiam
264 3413 357 3488 hono
375 3415 561 3508 exprimit:
587 3417 706 3488 Etiam
721 3425 816 3485 tonte
832 3437 971 3486 summe
985 3437 1061 3486 uon
1078 3415 1191 3501 satist,
1236 3451 1241 3454 ·

102 3552 168 3624 sed
200 3559 369 3648 corrugat
398 3561 435 3622 et
463 3551 595 3622 iratum
616 3551 737 3622 reddit
753 3551 1018 3643 adductumque
1039 3547 1189 3624 mltum.

122 3867 159 3948 ³¹¹)
187 3867 388 3941 Turnebum,
410 3887 480 3928 cum
497 3871 626 3948 „rugos¹‘
638 3867 734 3946 legat,
752 3865 890 3945 adeoque
906 3854 1191 3944 eleguntinLutinae

184 3970 312 4032 nominc
328 3969 410 4030 uilril
423 3971 561 4046 obiiciat,
577 3973 667 4033 dictas
681 3969 935 4052 interpretationi
948 3969 1032 4048 qnod
1048 3977 1189 4028 eoactum

186 4085 218 4134 ct
234 4075 326 4154 longe
342 4073 473 4152 petitum
490 4075 586 4150 inest,
608 4076 775 4138 offendisse
791 4075 926 4136 videtur.
949 4073 1027 4134 Cum
1044 4093 1083 4133 eo
1098 4071 1188 4134 cedd.
1277 4132 1280 4141 ,

185 4179 288 4240 llsmt.
299 4197 328 4240 2.
339 4181 404 4259 ill.
418 4179 527 4256 legunt
544 4195 652 4260 rugas,
668 4181 784 4260 reliqui
797 4202 904 4242 omncs
922 4189 954 4240 et
971 4197 1062 4243 monn
1080 4177 1190 4256 scripti

185 4281 653 4364 mmmfflfflfflnwm
705 4282 1190 4354 &mmmmmfflflmt

181 4383 1189 4470 mmmmmmmmdummwmummmnwnffimwmmm

181 4491 274 4570 vulgo
291 4489 426 4563 dieitur,
450 4492 633 4558 Casonbono
649 4495 745 4625 longp
760 4513 824 4556 esse
843 4495 1061 4575 antiquiorem.
