<?xml version="1.0" encoding="UTF-8"?>
<!DOCTYPE html PUBLIC "-//W3C//DTD XHTML 1.0 Transitional//EN"
    "http://www.w3.org/TR/xhtml1/DTD/xhtml1-transitional.dtd">
<html xmlns="http://www.w3.org/1999/xhtml" xml:lang="en" lang="en">
 <head>
  <title>
</title>
<meta http-equiv="Content-Type" content="text/html;charset=utf-8" />
  <meta name='ocr-system' content='tesseract 3.04.00' />
  <meta name='ocr-capabilities' content='ocr_page ocr_carea ocr_par ocr_line ocrx_word'/>
</head>
<body>
  <div class='ocr_page' id='page_1' title='image "./satir00persgoog_0541.png"; bbox 0 0 2938 5208; ppageno 0'>
   <div class='ocr_carea' id='block_1_1' title="bbox 534 355 1419 468">
    <p class='ocr_par' dir='ltr' id='par_1_1' title="bbox 534 355 1419 468">
     <span class='ocr_line' id='line_1_1' title="bbox 534 355 1419 468; baseline 0.042 -39"><span class='ocrx_word' id='word_1_1' title='bbox 534 377 622 432; x_wconf 70' lang='lat' dir='ltr'><strong>sir.</strong></span> <span class='ocrx_word' id='word_1_2' title='bbox 645 379 717 448; x_wconf 80' lang='lat' dir='ltr'><strong>vr,</strong></span> <span class='ocrx_word' id='word_1_3' title='bbox 741 361 799 431; x_wconf 79' lang='lat'><strong>56.</strong></span> <span class='ocrx_word' id='word_1_4' title='bbox 821 361 878 448; x_wconf 79' lang='lat'><strong>37.</strong></span> <span class='ocrx_word' id='word_1_5' title='bbox 1186 367 1259 458; x_wconf 87' lang='lat'><strong>519</strong></span> <span class='ocrx_word' id='word_1_6' title='bbox 1310 355 1317 365; x_wconf 38' lang='lat'>¹</span> <span class='ocrx_word' id='word_1_7' title='bbox 1406 439 1419 468; x_wconf 82' lang='grc'><strong>.</strong></span> 
     </span>
    </p>
   </div>
   <div class='ocr_carea' id='block_1_2' title="bbox 164 617 1257 1264">
    <p class='ocr_par' dir='ltr' id='par_1_2' title="bbox 164 617 1257 1264">
     <span class='ocr_line' id='line_1_2' title="bbox 167 617 1257 731; baseline 0.001 -21"><span class='ocrx_word' id='word_1_8' title='bbox 167 617 336 711; x_wconf 77' lang='lat' dir='ltr'><strong>numenio</strong></span> <span class='ocrx_word' id='word_1_9' title='bbox 354 633 587 730; x_wconf 74' lang='lat' dir='ltr'><strong>persimilem.</strong></span> <span class='ocrx_word' id='word_1_10' title='bbox 615 635 660 709; x_wconf 87' lang='lat' dir='ltr'><strong>de</strong></span> <span class='ocrx_word' id='word_1_11' title='bbox 675 637 732 708; x_wconf 88' lang='lat' dir='ltr'><strong>Re</strong></span> <span class='ocrx_word' id='word_1_12' title='bbox 748 637 849 708; x_wconf 86' lang='lat' dir='ltr'><strong>Rost</strong></span> <span class='ocrx_word' id='word_1_13' title='bbox 869 637 903 726; x_wconf 84' lang='grc'><strong>5,</strong></span> <span class='ocrx_word' id='word_1_14' title='bbox 923 639 960 731; x_wconf 80' lang='grc' dir='ltr'><strong>8.ι</strong></span> <span class='ocrx_word' id='word_1_15' title='bbox 989 635 1128 709; x_wconf 82' lang='lat' dir='ltr'><strong>Graecis</strong></span> <span class='ocrx_word' id='word_1_16' title='bbox 1151 633 1257 711; x_wconf 64' lang='lat' dir='ltr'><strong>simiss</strong></span> 
     </span>
     <span class='ocr_line' id='line_1_3' title="bbox 165 741 1255 866; baseline -0.002 -21"><span class='ocrx_word' id='word_1_17' title='bbox 165 741 255 845; x_wconf 50' lang='lat' dir='ltr'><strong>liter&#39;</strong></span> <span class='ocrx_word' id='word_1_18' title='bbox 274 801 381 838; x_wconf 70' lang='lat' dir='ltr'><strong>nam</strong></span> <span class='ocrx_word' id='word_1_19' title='bbox 396 781 433 842; x_wconf 88' lang='lat' dir='ltr'><strong>et</strong></span> <span class='ocrx_word' id='word_1_20' title='bbox 446 799 572 838; x_wconf 68' lang='lat' dir='ltr'><strong>naam</strong></span> <span class='ocrx_word' id='word_1_21' title='bbox 586 771 821 842; x_wconf 73' lang='lat' dir='ltr'><strong>scribebatur.</strong></span> <span class='ocrx_word' id='word_1_22' title='bbox 864 765 1255 866; x_wconf 76' lang='lat' dir='ltr'><strong>Cer-osopeceore&#39;pro</strong></span> 
     </span>
     <span class='ocr_line' id='line_1_4' title="bbox 165 876 1253 997; baseline -0.001 -21"><span class='ocrx_word' id='word_1_23' title='bbox 165 929 314 997; x_wconf 85' lang='lat' dir='ltr'><strong>„ceraso</strong></span> <span class='ocrx_word' id='word_1_24' title='bbox 330 905 487 978; x_wconf 86' lang='lat' dir='ltr'><strong>admixto</strong></span> <span class='ocrx_word' id='word_1_25' title='bbox 502 876 738 976; x_wconf 82' lang='lat' dir='ltr'><strong>adulterari.“</strong></span> <span class='ocrx_word' id='word_1_26' title='bbox 763 888 854 977; x_wconf 79' lang='lat' dir='ltr'><strong>Eam</strong></span> <span class='ocrx_word' id='word_1_27' title='bbox 867 903 1005 976; x_wconf 88' lang='lat' dir='ltr'><strong>Plinius</strong></span> <span class='ocrx_word' id='word_1_28' title='bbox 1014 905 1060 975; x_wconf 86' lang='lat' dir='ltr'><strong>H.</strong></span> <span class='ocrx_word' id='word_1_29' title='bbox 1070 903 1114 974; x_wconf 93' lang='lat' dir='ltr'><strong>N.</strong></span> <span class='ocrx_word' id='word_1_30' title='bbox 1130 913 1186 992; x_wconf 75' lang='lat' dir='ltr'><strong>rt,</strong></span> <span class='ocrx_word' id='word_1_31' title='bbox 1196 927 1253 975; x_wconf 81' lang='grc' dir='ltr'><strong>1ο.</strong></span> 
     </span>
     <span class='ocr_line' id='line_1_5' title="bbox 165 1017 1255 1136; baseline -0.005 -24"><span class='ocrx_word' id='word_1_32' title='bbox 165 1051 328 1136; x_wconf 82' lang='lat' dir='ltr'><strong>styrace,</strong></span> <span class='ocrx_word' id='word_1_33' title='bbox 354 1017 390 1110; x_wconf 81' lang='lat' dir='ltr'><strong>et</strong></span> <span class='ocrx_word' id='word_1_34' title='bbox 410 1038 844 1132; x_wconf 82' lang='lat' dir='ltr'><strong>propter&#39;sinrilitudinem</strong></span> <span class='ocrx_word' id='word_1_35' title='bbox 859 1039 1053 1126; x_wconf 61' lang='lat' dir='ltr'><strong>corticum,</strong></span> <span class='ocrx_word' id='word_1_36' title='bbox 1078 1037 1173 1108; x_wconf 89' lang='lat' dir='ltr'><strong>lauri</strong></span> <span class='ocrx_word' id='word_1_37' title='bbox 1193 1049 1255 1108; x_wconf 88' lang='lat' dir='ltr'><strong>te-</strong></span> 
     </span>
     <span class='ocr_line' id='line_1_6' title="bbox 164 1171 1251 1264; baseline -0.004 -18"><span class='ocrx_word' id='word_1_38' title='bbox 164 1173 346 1246; x_wconf 85' lang='lat' dir='ltr'><strong>nuissimis</strong></span> <span class='ocrx_word' id='word_1_39' title='bbox 375 1173 529 1246; x_wconf 81' lang='lat' dir='ltr'><strong>surculis</strong></span> <span class='ocrx_word' id='word_1_40' title='bbox 561 1171 757 1246; x_wconf 85' lang='lat' dir='ltr'><strong>adulterari</strong></span> <span class='ocrx_word' id='word_1_41' title='bbox 789 1175 893 1264; x_wconf 89' lang='lat' dir='ltr'><strong>dicit,</strong></span> <span class='ocrx_word' id='word_1_42' title='bbox 949 1197 1119 1246; x_wconf 82' lang='lat' dir='ltr'><strong>cerasum</strong></span> <span class='ocrx_word' id='word_1_43' title='bbox 1146 1183 1251 1243; x_wconf 87' lang='lat' dir='ltr'><strong>tacet.</strong></span> 
     </span>
    </p>
   </div>
   <div class='ocr_carea' id='block_1_3' title="bbox 35 1305 1312 1404">
    <p class='ocr_par' dir='ltr' id='par_1_3' title="bbox 35 1305 1312 1404">
     <span class='ocr_line' id='line_1_7' title="bbox 35 1305 1312 1404; baseline -0.005 -25"><span class='ocrx_word' id='word_1_44' title='bbox 35 1361 42 1379; x_wconf 86' lang='grc'><strong>.</strong></span> <span class='ocrx_word' id='word_1_45' title='bbox 162 1311 366 1404; x_wconf 77' lang='lat' dir='ltr'><strong>styracem,</strong></span> <span class='ocrx_word' id='word_1_46' title='bbox 391 1307 430 1377; x_wconf 90' lang='lat' dir='ltr'><strong>in</strong></span> <span class='ocrx_word' id='word_1_47' title='bbox 454 1305 606 1404; x_wconf 71' lang='lat' dir='ltr'><strong>officinis</strong></span> <span class='ocrx_word' id='word_1_48' title='bbox 628 1317 822 1397; x_wconf 83' lang='lat' dir='ltr'><strong>storacem,</strong></span> <span class='ocrx_word' id='word_1_49' title='bbox 845 1309 982 1404; x_wconf 84' lang='lat' dir='ltr'><strong>gummi</strong></span> <span class='ocrx_word' id='word_1_50' title='bbox 1006 1329 1072 1378; x_wconf 84' lang='lat' dir='ltr'><strong>seu</strong></span> <span class='ocrx_word' id='word_1_51' title='bbox 1093 1305 1253 1375; x_wconf 84' lang='lat' dir='ltr'><strong>lacrimae</strong></span> <span class='ocrx_word' id='word_1_52' title='bbox 1307 1329 1312 1344; x_wconf 86' lang='lat'><strong>·</strong></span> 
     </span>
    </p>
   </div>
   <div class='ocr_carea' id='block_1_4' title="bbox 154 1419 1316 2615">
    <p class='ocr_par' dir='ltr' id='par_1_4' title="bbox 154 1419 1316 2615">
     <span class='ocr_line' id='line_1_8' title="bbox 162 1419 1265 1538; baseline -0.003 -26"><span class='ocrx_word' id='word_1_53' title='bbox 162 1442 341 1512; x_wconf 84' lang='lat' dir='ltr'><strong>induratae</strong></span> <span class='ocrx_word' id='word_1_54' title='bbox 354 1460 468 1536; x_wconf 84' lang='lat' dir='ltr'><strong>genus</strong></span> <span class='ocrx_word' id='word_1_55' title='bbox 481 1463 560 1512; x_wconf 85' lang='lat' dir='ltr'><strong>essa</strong></span> <span class='ocrx_word' id='word_1_56' title='bbox 577 1453 722 1512; x_wconf 84' lang='lat' dir='ltr'><strong>constat.</strong></span> <span class='ocrx_word' id='word_1_57' title='bbox 760 1419 848 1516; x_wconf 88' lang='lat' dir='ltr'><strong>lude</strong></span> <span class='ocrx_word' id='word_1_58' title='bbox 862 1443 985 1538; x_wconf 85' lang='lat' dir='ltr'><strong>forsan</strong></span> <span class='ocrx_word' id='word_1_59' title='bbox 1000 1463 1166 1512; x_wconf 79' lang='lat' dir='ltr'><strong>cerasum</strong></span> <span class='ocrx_word' id='word_1_60' title='bbox 1181 1451 1265 1534; x_wconf 31' lang='lat' dir='ltr'><strong>pre,</strong></span> 
     </span>
     <span class='ocr_line' id='line_1_9' title="bbox 161 1573 1251 1670; baseline -0.002 -25"><span class='ocrx_word' id='word_1_61' title='bbox 161 1577 299 1670; x_wconf 83' lang='lat' dir='ltr'><strong>gummi</strong></span> <span class='ocrx_word' id='word_1_62' title='bbox 314 1598 335 1650; x_wconf 86' lang='lat' dir='ltr'><strong>e</strong></span> <span class='ocrx_word' id='word_1_63' title='bbox 351 1599 476 1646; x_wconf 78' lang='lat' dir='ltr'><strong>cereso</strong></span> <span class='ocrx_word' id='word_1_64' title='bbox 489 1575 704 1668; x_wconf 79' lang='lat' dir='ltr'><strong>interpretes</strong></span> <span class='ocrx_word' id='word_1_65' title='bbox 719 1577 907 1669; x_wconf 87' lang='lat' dir='ltr'><strong>accipiunt.</strong></span> <span class='ocrx_word' id='word_1_66' title='bbox 952 1573 1076 1648; x_wconf 87' lang='lat' dir='ltr'><strong>Solum</strong></span> <span class='ocrx_word' id='word_1_67' title='bbox 1090 1585 1251 1649; x_wconf 80' lang='lat' dir='ltr'><strong>veterem</strong></span> 
     </span>
     <span class='ocr_line' id='line_1_10' title="bbox 160 1681 1249 1804; baseline -0.009 -20"><span class='ocrx_word' id='word_1_68' title='bbox 160 1711 383 1784; x_wconf 81' lang='lat' dir='ltr'><strong>Scholiasten</strong></span> <span class='ocrx_word' id='word_1_69' title='bbox 398 1709 585 1804; x_wconf 79' lang='lat' dir='ltr'><strong>sequimur</strong></span> <span class='ocrx_word' id='word_1_70' title='bbox 589 1681 615 1799; x_wconf 11' lang='lat' dir='ltr'><strong>,A</strong></span> <span class='ocrx_word' id='word_1_71' title='bbox 628 1711 727 1783; x_wconf 86' lang='lat' dir='ltr'><strong>omui</strong></span> <span class='ocrx_word' id='word_1_72' title='bbox 751 1709 821 1782; x_wconf 88' lang='lat' dir='ltr'><strong>alia</strong></span> <span class='ocrx_word' id='word_1_73' title='bbox 842 1711 1052 1786; x_wconf 75' lang='lat' dir='ltr'><strong>auctoritate</strong></span> <span class='ocrx_word' id='word_1_74' title='bbox 1071 1701 1249 1786; x_wconf 84' lang='lat' dir='ltr'><strong>destituti:</strong></span> 
     </span>
     <span class='ocr_line' id='line_1_11' title="bbox 159 1827 1295 1948; baseline -0.004 -32"><span class='ocrx_word' id='word_1_75' title='bbox 159 1827 308 1937; x_wconf 65' lang='lat' dir='ltr'><strong>²{Solent</strong></span> <span class='ocrx_word' id='word_1_76' title='bbox 327 1845 559 1944; x_wconf 81' lang='lat' dir='ltr'><strong>pigmentarii</strong></span> <span class='ocrx_word' id='word_1_77' title='bbox 581 1869 705 1920; x_wconf 84' lang='lat' dir='ltr'><strong>cereso</strong></span> <span class='ocrx_word' id='word_1_78' title='bbox 725 1847 855 1920; x_wconf 83' lang='lat' dir='ltr'><strong>casiam</strong></span> <span class='ocrx_word' id='word_1_79' title='bbox 871 1845 1083 1933; x_wconf 82' lang='lat' dir='ltr'><strong>admiscere,</strong></span> <span class='ocrx_word' id='word_1_80' title='bbox 1106 1843 1198 1913; x_wconf 85' lang='lat' dir='ltr'><strong>aicut</strong></span> <span class='ocrx_word' id='word_1_81' title='bbox 1214 1849 1252 1912; x_wconf 89' lang='lat' dir='ltr'><strong>et</strong></span> <span class='ocrx_word' id='word_1_82' title='bbox 1292 1936 1295 1948; x_wconf 31' lang='grc' dir='ltr'>Ι</span> 
     </span>
     <span class='ocr_line' id='line_1_12' title="bbox 160 1965 1276 2076; baseline -0.008 -24"><span class='ocrx_word' id='word_1_83' title='bbox 160 1979 248 2052; x_wconf 87' lang='lat' dir='ltr'><strong>alias</strong></span> <span class='ocrx_word' id='word_1_84' title='bbox 263 2001 404 2052; x_wconf 81' lang='lat' dir='ltr'><strong>merces</strong></span> <span class='ocrx_word' id='word_1_85' title='bbox 419 1980 622 2054; x_wconf 78' lang='lat' dir='ltr'><strong>adulterant</strong></span> <span class='ocrx_word' id='word_1_86' title='bbox 638 1991 675 2054; x_wconf 91' lang='lat' dir='ltr'><strong>et</strong></span> <span class='ocrx_word' id='word_1_87' title='bbox 691 1979 914 2076; x_wconf 86' lang='lat' dir='ltr'><strong>emptoribus</strong></span> <span class='ocrx_word' id='word_1_88' title='bbox 930 1979 1122 2053; x_wconf 81' lang='lat' dir='ltr'><strong>rendunt.“</strong></span> <span class='ocrx_word' id='word_1_89' title='bbox 1147 1965 1250 2046; x_wconf 72' lang='lat' dir='ltr'><strong>Tum</strong></span> <span class='ocrx_word' id='word_1_90' title='bbox 1272 1979 1276 1989; x_wconf 60' lang='lat'><strong>⁴</strong></span> 
     </span>
     <span class='ocr_line' id='line_1_13' title="bbox 159 2109 1247 2208; baseline -0.006 -24"><span class='ocrx_word' id='word_1_91' title='bbox 159 2109 257 2186; x_wconf 79' lang='lat' dir='ltr'><strong>bona</strong></span> <span class='ocrx_word' id='word_1_92' title='bbox 270 2113 309 2184; x_wconf 92' lang='lat' dir='ltr'><strong>in</strong></span> <span class='ocrx_word' id='word_1_93' title='bbox 323 2125 535 2208; x_wconf 82' lang='lat' dir='ltr'><strong>apparatum</strong></span> <span class='ocrx_word' id='word_1_94' title='bbox 550 2112 691 2190; x_wconf 77' lang='lat' dir='ltr'><strong>funeris</strong></span> <span class='ocrx_word' id='word_1_95' title='bbox 709 2115 763 2188; x_wconf 88' lang='lat' dir='ltr'><strong>tui</strong></span> <span class='ocrx_word' id='word_1_96' title='bbox 778 2110 956 2189; x_wconf 73' lang='lat' dir='ltr'><strong>servanda</strong></span> <span class='ocrx_word' id='word_1_97' title='bbox 978 2113 1124 2184; x_wconf 84' lang='lat' dir='ltr'><strong>minuas</strong></span> <span class='ocrx_word' id='word_1_98' title='bbox 1142 2109 1247 2180; x_wconf 82' lang='lat' dir='ltr'><strong>ineo-</strong></span> 
     </span>
     <span class='ocr_line' id='line_1_14' title="bbox 157 2235 1316 2344; baseline -0.009 -24"><span class='ocrx_word' id='word_1_99' title='bbox 157 2247 290 2339; x_wconf 67' lang='lat' dir='ltr'><strong>tome,</strong></span> <span class='ocrx_word' id='word_1_100' title='bbox 312 2247 481 2340; x_wconf 87' lang='lat' dir='ltr'><strong>impune,</strong></span> <span class='ocrx_word' id='word_1_101' title='bbox 510 2247 588 2344; x_wconf 78' lang='lat' dir='ltr'><strong>aine</strong></span> <span class='ocrx_word' id='word_1_102' title='bbox 611 2249 748 2322; x_wconf 83' lang='lat' dir='ltr'><strong>ultione</strong></span> <span class='ocrx_word' id='word_1_103' title='bbox 770 2235 943 2320; x_wconf 77' lang='lat' dir='ltr'><strong>heredis?</strong></span> <span class='ocrx_word' id='word_1_104' title='bbox 1000 2244 1125 2320; x_wconf 86' lang='lat' dir='ltr'><strong>Verba</strong></span> <span class='ocrx_word' id='word_1_105' title='bbox 1149 2241 1249 2318; x_wconf 79' lang='lat' dir='ltr'><strong>arari</strong></span> <span class='ocrx_word' id='word_1_106' title='bbox 1313 2255 1316 2262; x_wconf 85' lang='lat'>&#39;</span> 
     </span>
     <span class='ocr_line' id='line_1_15' title="bbox 156 2357 1306 2478; baseline 0.002 -28"><span class='ocrx_word' id='word_1_107' title='bbox 156 2383 196 2450; x_wconf 88' lang='lat' dir='ltr'><strong>in</strong></span> <span class='ocrx_word' id='word_1_108' title='bbox 211 2381 498 2474; x_wconf 74' lang='lat' dir='ltr'><strong>praecedentibus</strong></span> <span class='ocrx_word' id='word_1_109' title='bbox 513 2382 710 2478; x_wconf 81' lang='lat' dir='ltr'><strong>loquentis,</strong></span> <span class='ocrx_word' id='word_1_110' title='bbox 736 2381 800 2476; x_wconf 87' lang='lat' dir='ltr'><strong>qui</strong></span> <span class='ocrx_word' id='word_1_111' title='bbox 815 2392 854 2452; x_wconf 88' lang='lat' dir='ltr'><strong>ut</strong></span> <span class='ocrx_word' id='word_1_112' title='bbox 870 2357 1056 2454; x_wconf 74' lang='lat' dir='ltr'><strong>arai&#39;ritiam</strong></span> <span class='ocrx_word' id='word_1_113' title='bbox 1071 2375 1248 2466; x_wconf 79' lang='lat' dir='ltr'><strong>defendat,</strong></span> <span class='ocrx_word' id='word_1_114' title='bbox 1301 2445 1306 2452; x_wconf 88' lang='lat'><em>.</em></span> 
     </span>
     <span class='ocr_line' id='line_1_16' title="bbox 154 2511 680 2615; baseline -0.002 -30"><span class='ocrx_word' id='word_1_115' title='bbox 154 2533 349 2609; x_wconf 83' lang='lat' dir='ltr'><strong>personam</strong></span> <span class='ocrx_word' id='word_1_116' title='bbox 363 2511 511 2615; x_wconf 81' lang='lat' dir='ltr'><strong>heredia</strong></span> <span class='ocrx_word' id='word_1_117' title='bbox 522 2515 680 2608; x_wconf 70' lang='lat' dir='ltr'><strong>suscipit.</strong></span> 
     </span>
    </p>
   </div>
   <div class='ocr_carea' id='block_1_5' title="bbox 136 2677 1246 3316">
    <p class='ocr_par' dir='ltr' id='par_1_5' title="bbox 136 2677 1246 3316">
     <span class='ocr_line' id='line_1_17' title="bbox 229 2677 1246 2775; baseline -0.004 -23"><span class='ocrx_word' id='word_1_118' title='bbox 229 2681 377 2772; x_wconf 74' lang='lat'><strong>57-40.</strong></span> <span class='ocrx_word' id='word_1_119' title='bbox 428 2677 504 2750; x_wconf 80' lang='lat' dir='ltr'><strong>Sed</strong></span> <span class='ocrx_word' id='word_1_120' title='bbox 525 2679 680 2752; x_wconf 82' lang='lat' dir='ltr'><strong>Bestius</strong></span> <span class='ocrx_word' id='word_1_121' title='bbox 704 2689 822 2775; x_wconf 81' lang='lat' dir='ltr'><strong>urget.</strong></span> <span class='ocrx_word' id='word_1_122' title='bbox 873 2679 1047 2752; x_wconf 89' lang='lat' dir='ltr'><strong>Nonnulli</strong></span> <span class='ocrx_word' id='word_1_123' title='bbox 1066 2678 1246 2748; x_wconf 84' lang='lat' dir='ltr'><strong>librorum</strong></span> 
     </span>
     <span class='ocr_line' id='line_1_18' title="bbox 155 2809 1246 2920; baseline -0.009 -31"><span class='ocrx_word' id='word_1_124' title='bbox 155 2823 343 2898; x_wconf 77' lang='lat' dir='ltr'><strong>veterum,</strong></span> <span class='ocrx_word' id='word_1_125' title='bbox 366 2811 406 2882; x_wconf 88' lang='lat' dir='ltr'><strong>in</strong></span> <span class='ocrx_word' id='word_1_126' title='bbox 429 2810 559 2912; x_wconf 87' lang='lat' dir='ltr'><strong>quibus</strong></span> <span class='ocrx_word' id='word_1_127' title='bbox 581 2809 789 2898; x_wconf 76' lang='lat' dir='ltr'><strong>membrana</strong></span> <span class='ocrx_word' id='word_1_128' title='bbox 800 2809 922 2920; x_wconf 70' lang='lat' dir='ltr'><strong>Halm.</strong></span> <span class='ocrx_word' id='word_1_129' title='bbox 944 2835 974 2882; x_wconf 91' lang='grc'><strong>1.</strong></span> <span class='ocrx_word' id='word_1_130' title='bbox 999 2821 1144 2882; x_wconf 78' lang='lat' dir='ltr'><strong>serrant</strong></span> <span class='ocrx_word' id='word_1_131' title='bbox 1164 2809 1246 2902; x_wconf 79' lang='lat' dir='ltr'><strong>lee-</strong></span> 
     </span>
     <span class='ocr_line' id='line_1_19' title="bbox 154 2914 1245 3038; baseline -0.009 -16"><span class='ocrx_word' id='word_1_132' title='bbox 154 2943 497 3038; x_wconf 75' lang='lat' dir='ltr'><strong>tionemrulgatam:</strong></span> <span class='ocrx_word' id='word_1_133' title='bbox 524 2943 595 3032; x_wconf 85' lang='lat' dir='ltr'><strong>„Et</strong></span> <span class='ocrx_word' id='word_1_134' title='bbox 606 2944 647 3012; x_wconf 90' lang='grc' dir='ltr'><strong>Β.</strong></span> <span class='ocrx_word' id='word_1_135' title='bbox 664 2945 726 3013; x_wconf 86' lang='lat' dir='ltr'><strong>u.“</strong></span> <span class='ocrx_word' id='word_1_136' title='bbox 743 2914 869 3016; x_wconf 72' lang='lat' dir='ltr'><strong>verbm</strong></span> <span class='ocrx_word' id='word_1_137' title='bbox 882 2947 983 3018; x_wconf 87' lang='lat' dir='ltr'><strong>codd.</strong></span> <span class='ocrx_word' id='word_1_138' title='bbox 993 2947 1111 3016; x_wconf 87' lang='lat' dir='ltr'><strong>Haun.</strong></span> <span class='ocrx_word' id='word_1_139' title='bbox 1121 2945 1245 3034; x_wconf 86' lang='lat' dir='ltr'><strong>ceteri,</strong></span> 
     </span>
     <span class='ocr_line' id='line_1_20' title="bbox 136 3075 1244 3174; baseline -0.006 -21"><span class='ocrx_word' id='word_1_140' title='bbox 136 3093 140 3102; x_wconf 82' lang='grc'><strong>“</strong></span> <span class='ocrx_word' id='word_1_141' title='bbox 155 3083 244 3153; x_wconf 89' lang='lat' dir='ltr'><strong>item</strong></span> <span class='ocrx_word' id='word_1_142' title='bbox 260 3077 479 3166; x_wconf 80' lang='lat' dir='ltr'><strong>Achaintrii,</strong></span> <span class='ocrx_word' id='word_1_143' title='bbox 502 3075 702 3174; x_wconf 83' lang='lat' dir='ltr'><strong>Tigurinus</strong></span> <span class='ocrx_word' id='word_1_144' title='bbox 722 3101 805 3148; x_wconf 88' lang='lat' dir='ltr'><strong>eum</strong></span> <span class='ocrx_word' id='word_1_145' title='bbox 830 3089 894 3152; x_wconf 83' lang='lat' dir='ltr'><strong>ret</strong></span> <span class='ocrx_word' id='word_1_146' title='bbox 910 3080 1109 3174; x_wconf 86' lang='lat' dir='ltr'><strong>interprete</strong></span> <span class='ocrx_word' id='word_1_147' title='bbox 1125 3091 1161 3150; x_wconf 90' lang='lat' dir='ltr'><strong>et</strong></span> <span class='ocrx_word' id='word_1_148' title='bbox 1174 3079 1244 3150; x_wconf 86' lang='lat' dir='ltr'><strong>Pi-</strong></span> 
     </span>
     <span class='ocr_line' id='line_1_21' title="bbox 153 3203 1243 3316; baseline -0.003 -30"><span class='ocrx_word' id='word_1_149' title='bbox 153 3213 284 3305; x_wconf 89' lang='lat' dir='ltr'><strong>thoeo,</strong></span> <span class='ocrx_word' id='word_1_150' title='bbox 310 3211 452 3316; x_wconf 78' lang='lat' dir='ltr'><strong>Orellio</strong></span> <span class='ocrx_word' id='word_1_151' title='bbox 478 3203 546 3281; x_wconf 81' lang='lat' dir='ltr'><strong>&amp;e</strong></span> <span class='ocrx_word' id='word_1_152' title='bbox 571 3211 714 3304; x_wconf 79' lang='lat' dir='ltr'><strong>legunt:</strong></span> <span class='ocrx_word' id='word_1_153' title='bbox 753 3211 828 3283; x_wconf 82' lang='lat' dir='ltr'><strong>Sed</strong></span> <span class='ocrx_word' id='word_1_154' title='bbox 849 3211 896 3284; x_wconf 90' lang='lat' dir='ltr'><strong>B.</strong></span> <span class='ocrx_word' id='word_1_155' title='bbox 924 3237 959 3285; x_wconf 86' lang='lat' dir='ltr'><strong>u.</strong></span> <span class='ocrx_word' id='word_1_156' title='bbox 1009 3213 1162 3287; x_wconf 79' lang='lat' dir='ltr'><strong>Bestius</strong></span> <span class='ocrx_word' id='word_1_157' title='bbox 1183 3214 1243 3284; x_wconf 88' lang='lat' dir='ltr'><strong>ille</strong></span> 
     </span>
    </p>
   </div>
   <div class='ocr_carea' id='block_1_6' title="bbox 154 3322 1297 3444">
    <p class='ocr_par' dir='ltr' id='par_1_6' title="bbox 154 3322 1297 3444">
     <span class='ocr_line' id='line_1_22' title="bbox 154 3322 1297 3444; baseline -0.004 -22"><span class='ocrx_word' id='word_1_158' title='bbox 154 3343 393 3444; x_wconf 69' lang='lat' dir='ltr'><strong>correpunt)</strong></span> <span class='ocrx_word' id='word_1_159' title='bbox 417 3331 732 3442; x_wconf 81' lang='lat' dir='ltr'><strong>apudlioratium</strong></span> <span class='ocrx_word' id='word_1_160' title='bbox 754 3347 823 3442; x_wconf 86' lang='lat' dir='ltr'><strong>Ep.</strong></span> <span class='ocrx_word' id='word_1_161' title='bbox 851 3371 885 3442; x_wconf 80' lang='lat'><strong>1,</strong></span> <span class='ocrx_word' id='word_1_162' title='bbox 910 3349 965 3440; x_wconf 84' lang='grc'><strong>15,</strong></span> <span class='ocrx_word' id='word_1_163' title='bbox 988 3351 1046 3444; x_wconf 79' lang='lat'><strong>57.</strong></span> <span class='ocrx_word' id='word_1_164' title='bbox 1072 3322 1242 3432; x_wconf 83' lang='lat' dir='ltr'><strong>sordidus</strong></span> <span class='ocrx_word' id='word_1_165' title='bbox 1291 3421 1297 3442; x_wconf 37' lang='lat'><strong><em>¹</em></strong></span> 
     </span>
    </p>
   </div>
   <div class='ocr_carea' id='block_1_7' title="bbox 175 3647 1250 4494">
    <p class='ocr_par' dir='ltr' id='par_1_7' title="bbox 175 3647 1250 4494">
     <span class='ocr_line' id='line_1_23' title="bbox 175 3647 1242 3760; baseline -0.005 -24"><span class='ocrx_word' id='word_1_166' title='bbox 175 3675 213 3751; x_wconf 63' lang='lat'><strong>¹³)</strong></span> <span class='ocrx_word' id='word_1_167' title='bbox 241 3665 402 3756; x_wconf 64' lang='lat' dir='ltr'><strong>Pleraque</strong></span> <span class='ocrx_word' id='word_1_168' title='bbox 424 3647 554 3736; x_wconf 84' lang='lat' dir='ltr'><strong>Horatii</strong></span> <span class='ocrx_word' id='word_1_169' title='bbox 574 3669 742 3754; x_wconf 77' lang='lat' dir='ltr'><strong>editiones,</strong></span> <span class='ocrx_word' id='word_1_170' title='bbox 763 3687 795 3738; x_wconf 89' lang='lat' dir='ltr'><strong>et</strong></span> <span class='ocrx_word' id='word_1_171' title='bbox 812 3678 939 3760; x_wconf 82' lang='lat' dir='ltr'><strong>quidem</strong></span> <span class='ocrx_word' id='word_1_172' title='bbox 953 3673 1170 3740; x_wconf 78' lang='lat' dir='ltr'><strong>recentissima</strong></span> <span class='ocrx_word' id='word_1_173' title='bbox 1184 3673 1242 3733; x_wconf 85' lang='lat' dir='ltr'><strong>cel.</strong></span> 
     </span>
     <span class='ocr_line' id='line_1_24' title="bbox 235 3779 1240 3863; baseline -0.006 -21"><span class='ocrx_word' id='word_1_174' title='bbox 235 3781 272 3842; x_wconf 85' lang='lat' dir='ltr'><strong>F.</strong></span> <span class='ocrx_word' id='word_1_175' title='bbox 298 3781 337 3842; x_wconf 79' lang='lat' dir='ltr'><strong>G.</strong></span> <span class='ocrx_word' id='word_1_176' title='bbox 362 3779 545 3858; x_wconf 84' lang='lat' dir='ltr'><strong>Deeringii,</strong></span> <span class='ocrx_word' id='word_1_177' title='bbox 572 3779 622 3840; x_wconf 79' lang='lat' dir='ltr'><strong>ed.</strong></span> <span class='ocrx_word' id='word_1_178' title='bbox 646 3783 674 3844; x_wconf 83' lang='lat'><strong>3.</strong></span> <span class='ocrx_word' id='word_1_179' title='bbox 697 3781 785 3863; x_wconf 88' lang='lat' dir='ltr'><strong>Lipa.</strong></span> <span class='ocrx_word' id='word_1_180' title='bbox 816 3789 904 3854; x_wconf 73' lang='lat'>1824.</span> <span class='ocrx_word' id='word_1_181' title='bbox 923 3783 1039 3848; x_wconf 87' lang='lat' dir='ltr'><strong>habent</strong></span> <span class='ocrx_word' id='word_1_182' title='bbox 1059 3787 1240 3856; x_wconf 87' lang='lat' dir='ltr'><strong>‚,corrcetor</strong></span> 
     </span>
     <span class='ocr_line' id='line_1_25' title="bbox 236 3881 1239 3970; baseline -0.004 -24"><span class='ocrx_word' id='word_1_183' title='bbox 236 3885 389 3962; x_wconf 80' lang='lat' dir='ltr'><strong>Bestius,“</strong></span> <span class='ocrx_word' id='word_1_184' title='bbox 407 3905 499 3966; x_wconf 86' lang='lat' dir='ltr'><strong>quern</strong></span> <span class='ocrx_word' id='word_1_185' title='bbox 516 3901 644 3944; x_wconf 81' lang='lat' dir='ltr'><strong>ararum</strong></span> <span class='ocrx_word' id='word_1_186' title='bbox 653 3883 831 3966; x_wconf 73' lang='grc'><strong>1101111111111,1</strong></span> <span class='ocrx_word' id='word_1_187' title='bbox 842 3899 990 3970; x_wconf 86' lang='lat' dir='ltr'><strong>nepotum</strong></span> <span class='ocrx_word' id='word_1_188' title='bbox 1004 3881 1239 3950; x_wconf 79' lang='lat' dir='ltr'><strong>acerbissimum</strong></span> 
     </span>
     <span class='ocr_line' id='line_1_26' title="bbox 235 3971 1238 4078; baseline -0.002 -28"><span class='ocrx_word' id='word_1_189' title='bbox 235 3971 397 4051; x_wconf 78' lang='lat' dir='ltr'><strong>errrorem</strong></span> <span class='ocrx_word' id='word_1_190' title='bbox 409 3987 610 4078; x_wconf 77' lang='lat' dir='ltr'><strong>intelligunt,</strong></span> <span class='ocrx_word' id='word_1_191' title='bbox 632 3990 744 4050; x_wconf 82' lang='lat' dir='ltr'><strong>collato</strong></span> <span class='ocrx_word' id='word_1_192' title='bbox 757 3992 857 4052; x_wconf 85' lang='lat' dir='ltr'><strong>Persii</strong></span> <span class='ocrx_word' id='word_1_193' title='bbox 872 3995 950 4054; x_wconf 89' lang='lat' dir='ltr'><strong>loco.</strong></span> <span class='ocrx_word' id='word_1_194' title='bbox 991 3995 1034 4054; x_wconf 87' lang='lat' dir='ltr'><strong>At</strong></span> <span class='ocrx_word' id='word_1_195' title='bbox 1052 4009 1157 4052; x_wconf 82' lang='lat' dir='ltr'><strong>veram</strong></span> <span class='ocrx_word' id='word_1_196' title='bbox 1172 3985 1238 4048; x_wconf 81' lang='lat' dir='ltr'><strong>lec&#39;-</strong></span> 
     </span>
     <span class='ocr_line' id='line_1_27' title="bbox 232 4087 1250 4180; baseline 0 -26"><span class='ocrx_word' id='word_1_197' title='bbox 232 4093 370 4156; x_wconf 87' lang='lat' dir='ltr'><strong>tionem:</strong></span> <span class='ocrx_word' id='word_1_198' title='bbox 399 4095 602 4172; x_wconf 55' lang='lat' dir='ltr'><strong>„correptum</strong></span> <span class='ocrx_word' id='word_1_199' title='bbox 626 4095 839 4176; x_wconf 79' lang='lat' dir='ltr'><strong>(obiurgatus,</strong></span> <span class='ocrx_word' id='word_1_200' title='bbox 860 4097 1082 4180; x_wconf 79' lang='lat' dir='ltr'><strong>reprehensus)</strong></span> <span class='ocrx_word' id='word_1_201' title='bbox 1106 4087 1250 4158; x_wconf 79' lang='lat' dir='ltr'><strong>Bestius&#39;</strong></span> 
     </span>
     <span class='ocr_line' id='line_1_28' title="bbox 186 4195 1237 4278; baseline 0.001 -22"><span class='ocrx_word' id='word_1_202' title='bbox 186 4195 189 4205; x_wconf 75' lang='grc'><strong>’</strong></span> <span class='ocrx_word' id='word_1_203' title='bbox 234 4197 337 4259; x_wconf 83' lang='lat' dir='ltr'><strong>editor</strong></span> <span class='ocrx_word' id='word_1_204' title='bbox 354 4199 480 4259; x_wconf 84' lang='lat' dir='ltr'><strong>Italicus</strong></span> <span class='ocrx_word' id='word_1_205' title='bbox 496 4197 627 4262; x_wconf 79' lang='lat' dir='ltr'><strong>Carolus</strong></span> <span class='ocrx_word' id='word_1_206' title='bbox 640 4201 703 4260; x_wconf 76' lang='lat' dir='ltr'><strong>Fer</strong></span> <span class='ocrx_word' id='word_1_207' title='bbox 723 4200 739 4278; x_wconf 91' lang='lat'><strong>(</strong></span> <span class='ocrx_word' id='word_1_208' title='bbox 748 4199 795 4261; x_wconf 84' lang='lat' dir='ltr'><strong>ed.</strong></span> <span class='ocrx_word' id='word_1_209' title='bbox 811 4205 839 4264; x_wconf 82' lang='lat'><strong>3.</strong></span> <span class='ocrx_word' id='word_1_210' title='bbox 854 4205 892 4264; x_wconf 76' lang='lat' dir='ltr'><strong>F.</strong></span> <span class='ocrx_word' id='word_1_211' title='bbox 908 4203 950 4264; x_wconf 90' lang='lat' dir='ltr'><strong>H.</strong></span> <span class='ocrx_word' id='word_1_212' title='bbox 970 4201 1075 4264; x_wconf 87' lang='lat' dir='ltr'><strong>Bothii</strong></span> <span class='ocrx_word' id='word_1_213' title='bbox 1091 4197 1237 4262; x_wconf 79' lang='lat' dir='ltr'><strong>Heidelb.</strong></span> 
     </span>
     <span class='ocr_line' id='line_1_29' title="bbox 238 4301 1238 4388; baseline -0.008 -23"><span class='ocrx_word' id='word_1_214' title='bbox 238 4306 349 4380; x_wconf 76' lang='lat'>1821.)</span> <span class='ocrx_word' id='word_1_215' title='bbox 365 4325 404 4364; x_wconf 86' lang='lat' dir='ltr'><strong>ex</strong></span> <span class='ocrx_word' id='word_1_216' title='bbox 427 4301 588 4366; x_wconf 75' lang='lat' dir='ltr'><strong>codicibus</strong></span> <span class='ocrx_word' id='word_1_217' title='bbox 601 4305 765 4380; x_wconf 71' lang='lat' dir='ltr'><strong>restituit,</strong></span> <span class='ocrx_word' id='word_1_218' title='bbox 797 4307 936 4368; x_wconf 83' lang='lat' dir='ltr'><strong>Bestiam</strong></span> <span class='ocrx_word' id='word_1_219' title='bbox 962 4325 1018 4388; x_wconf 88' lang='lat' dir='ltr'><strong>pro</strong></span> <span class='ocrx_word' id='word_1_220' title='bbox 1039 4303 1161 4368; x_wconf 83' lang='lat' dir='ltr'><strong>bestiali</strong></span> <span class='ocrx_word' id='word_1_221' title='bbox 1182 4319 1238 4376; x_wconf 72' lang='lat' dir='ltr'><strong>aen</strong></span> 
     </span>
     <span class='ocr_line' id='line_1_30' title="bbox 234 4405 1237 4494; baseline 0.001 -23"><span class='ocrx_word' id='word_1_222' title='bbox 234 4407 352 4472; x_wconf 79' lang='lat' dir='ltr'><strong>brutali</strong></span> <span class='ocrx_word' id='word_1_223' title='bbox 378 4407 507 4486; x_wconf 82' lang='lat' dir='ltr'><strong>(verbis</strong></span> <span class='ocrx_word' id='word_1_224' title='bbox 525 4409 648 4472; x_wconf 82' lang='lat' dir='ltr'><strong>veniam</strong></span> <span class='ocrx_word' id='word_1_225' title='bbox 669 4410 755 4474; x_wconf 88' lang='lat' dir='ltr'><strong>docti</strong></span> <span class='ocrx_word' id='word_1_226' title='bbox 777 4411 839 4474; x_wconf 86' lang='lat' dir='ltr'><strong>viri</strong></span> <span class='ocrx_word' id='word_1_227' title='bbox 853 4411 981 4474; x_wconf 85' lang='lat' dir='ltr'><strong>nomine</strong></span> <span class='ocrx_word' id='word_1_228' title='bbox 995 4411 1093 4494; x_wconf 88' lang='lat' dir='ltr'><strong>peto)</strong></span> <span class='ocrx_word' id='word_1_229' title='bbox 1118 4405 1237 4482; x_wconf 74' lang='lat' dir='ltr'><strong>dictum</strong></span> 
     </span>
    </p>
   </div>
   <div class='ocr_carea' id='block_1_8' title="bbox 0 0 1474 5208">
    <p class='ocr_par' dir='ltr' id='par_1_8' title="bbox 0 0 1474 5208">
     <span class='ocr_line' id='line_1_31' title="bbox 0 0 1474 5208; baseline 0 6"><span class='ocrx_word' id='word_1_230' title='bbox 0 0 1474 5208; x_wconf 95' lang='lat' dir='ltr'><strong> </strong></span> 
     </span>
    </p>
   </div>
  </div>
 </body>
</html>
