3052 5202
594 453 683 504 stu.
704 455 780 522 111.,
806 428 948 508 51-55.ι
1020 532 1024 538 ⁵
1195 436 1307 532 ¹271¹

83 780 88 802 ,
191 743 268 791 seu
285 715 387 786 ferro
404 713 575 784 conflatus
582 763 596 800 ,
615 710 719 782 cuius
731 707 883 780 orieldis
900 711 1050 802 appensi
1065 713 1186 784 annuli
1199 717 1296 815 iuter

206 850 428 924 currendum
450 847 661 936 tinniebant.
718 844 871 916 Hieron
896 838 1126 918 Mercurialis
1147 821 1297 922 delere

206 983 340 1081 Gymn.
360 983 395 1073 ὅ,
414 987 447 1056 8.
463 981 619 1078 figuram
645 979 765 1052 trochi
791 977 957 1086 exhibet,
989 978 1029 1051 in
1057 982 1297 1055 vetustissimo

206 1120 393 1191 cuiusdam
423 1117 552 1188 condoi
582 1115 642 1192 uel
670 1114 806 1186 satirici
830 1123 946 1208 poetae
965 1129 1209 1208 monumento
1223 1139 1295 1190 ex-

204 1274 386 1348 pressam,
426 1251 491 1322 ubi
512 1257 648 1346 prseter
668 1245 822 1320 annulos
840 1227 966 1320 dentes
988 1251 1136 1342 quidem
1155 1251 1295 1324 circulo
1424 1303 1433 1312 .

204 1389 308 1460 infixi
321 1397 357 1459 et
370 1383 521 1458 mobiles
537 1391 632 1472 sunt,
655 1380 718 1478 qui
730 1381 777 1450 ad
789 1382 980 1474 strepitum
992 1379 1169 1454 maiorem
1181 1387 1298 1456 eden-

206 1527 295 1598 dum
309 1519 464 1616 appositi
477 1521 656 1594 ridentur.
709 1513 1077 1614 callidiorsorquers
1090 1518 1185 1589 inter
1197 1541 1298 1612 grec-
1403 1551 1408 1560 ¹

205 1657 338 1730 cismos
350 1655 480 1730 Persio
497 1653 676 1726 solemnes
695 1653 972 1724 numerandum.
1314 1653 1318 1658 '

282 1858 430 1934 52-62.
482 1855 635 1927 Commo
658 1853 705 1926 ob
737 1851 1299 1946 mrtepodosindissimilitudinis

201 2014 286 2066 oum
307 1991 537 2088 praeoedeute
559 1965 857 2078 connectendum.
915 1986 989 2056 Per
1015 1983 1204 2056 antithesin
1228 1989 1297 2060 de-

203 2127 331 2202 scribit
351 2121 647 2210 adolescentiam,
688 2119 909 2192 cuinullum
932 2088 1110 2190 socordiae
1128 2127 1297 2216 peretum
1357 2129 1367 2221 ’1

205 2270 260 2330 est
276 2260 320 2330 ab
336 2269 440 2328 aetate
455 2255 728 2350 patrocinium
747 2253 831 2324 cuin
853 2254 951 2326 enim
965 2255 1145 2328 bonorum
1162 2264 1198 2324 et
1212 2279 1296 2328 me·
1346 2233 1355 2248 ⁸

91 2402 98 2421 “
202 2391 324 2463 lorum
344 2392 522 2496 rationem
542 2389 679 2464 habere
697 2391 832 2484 possit,
858 2397 895 2458 et
909 2385 1176 2482 philosophiam
1193 2387 1296 2465 Stoi

201 2551 298 2617 cam,
324 2527 427 2600 cuius
448 2527 676 2620 praecipuum
699 2533 805 2618 ceput
826 2533 881 2593 est
901 2524 945 2592 de
965 2520 1092 2609 fine,
1081 2546 1155 2592 ram
1174 2525 1294 2618 degu—
1369 2513 1372 2520 ’

201 2664 369 2754 etorerit,
395 2660 466 2730 elie
478 2659 556 2730 haec
570 2671 656 2729 estas
673 2637 763 2728 elios
779 2677 903 2770 mores
919 2651 1115 2756 postulet.

281 2863 339 2931 52.
390 2857 479 2949 βοὰ
493 2854 616 2924 ileon.
632 2853 777 2944 ternus:
802 2849 946 2942 „inexp
961 2841 1051 2919 eetss‘
1075 2845 1197 2934 Ceteri
1213 2875 1297 2928 cum

203 2989 430 3063 Husrunensi
442 2989 734 3078 „est“omittunt.
787 2983 927 3056 aurcos
940 2983 1044 3081 depr.
1057 3003 1185 3055 osores.
1209 2985 1296 3058 Ho-

205 3129 339 3198 ratius:
359 3147 499 3218 „curre
515 3125 729 3219 dignoscere
743 3119 895 3194 verum“
908 3117 976 3209 Ep.
995 3137 1029 3206 a,
1049 3132 1083 3204 a,
1098 3119 1158 3188 44.

281 3263 341 3334 st.
392 3258 552 3356 Sapiens
564 3255 736 3354 porticus
750 3253 992 3346 metonymice
1014 3275 1085 3346 pro
1098 3254 1297 3347 sapientum

140 3491 144 3502 ¹
203 3397 243 3466 in
267 3363 330 3466 illo
353 3388 622 3488 disputantium.
676 3389 842 3480 Poecile,
874 3397 1045 3472 hassale,
1080 3391 1200 3478 reris,
1234 3394 1297 3466 di-

203 3530 352 3602 cebatur
381 3529 648 3625 epicturerum
665 3527 855 3614 varietote,
893 3549 982 3620 quas
1003 3521 1152 3598 Athenis
1177 3525 1297 3650 Poly-

202 3675 331 3758 gnotus
334 3665 523 3770 gratuito,
547 3663 683 3755 Mycon
697 3659 865 3733 mercede
878 3659 1051 3732 fecerum.
1075 3653 1169 3731 Plin.
1184 3659 1239 3730 tt.
1248 3659 1293 3730 tt.

206 3799 320 3890 35,9.
344 3797 561 3868 Plutarch.
549 3821 587 3866 sn
611 3795 773 3866 Cimone.
831 3797 997 3868 Pictures
1021 3791 1102 3862 illas
1125 3757 1297 3866 describit
1374 3885 1382 3902 .

169 3965 174 3978 ·
203 3930 413 4018 Pausanias,
438 3939 476 4001 ct
491 3951 618 4000 eorum
632 3929 778 4020 quidem
793 3939 945 4019 portem,
969 3924 1109 3998 verbis.
1134 3922 1294 3998 brocco-

205 4064 256 4136 tis
271 4062 373 4134 illito
387 4061 514 4134 Medis
530 4061 776 4154 sigidficetum
790 4083 948 4156 pugnam
965 4057 1098 4130 sotheet
1105 4059 1294 4135 Marathe

170 4229 180 4248 ν
199 4199 334 4326 nicam,
359 4195 429 4268 hoc
444 4197 571 4313 modo:
580 4197 658 4284 „ln
674 4203 837 4264 extremo
853 4194 1005 4286 pictores
1018 4192 1097 4265 loco
1110 4210 1204 4288 sunt,
1229 4199 1294 4294 qui

202 4335 241 4406 in
264 4309 478 4434 Marathone
499 4337 726 4426 pugnarunt
763 4352 809 4400 ex
829 4287 973 4400 ssaeodts
997 4293 1227 4424 Plataeenses,
1256 4341 1295 4408 et
1374 4291 1378 4306 ἢ
1432 4403 1441 4410 .

202 4468 289 4542 item
308 4465 418 4542 Attici
441 4467 598 4540 nominis
626 4487 772 4557 omnes,
811 4465 875 4562 qui
903 4449 985 4539 cum
1006 4469 1176 4542 Berboris
1196 4475 1294 4536 con-⁴

1250 4779 1275 4836 ἱ
