2932 5206
139 769 276 862 Epistr
290 821 301 858 ,
329 771 374 860 73
396 771 452 861 57.
479 769 521 842 A
538 773 578 844 P.
595 773 679 846 434.
706 773 766 844 Sic
788 782 825 842 et
847 743 997 864 Noster,
1023 779 1065 866 3,
1094 807 1148 876 ¹.7·
1174 789 1218 860 cf,

15 933 17 958 t
111 901 393 1000 ⁸lleinsdorl'ad
408 906 570 998 priorem
586 903 680 976 Hor.
692 903 812 978 locum
829 908 887 976 cit.
919 909 1039 998 „Male
1054 911 1220 1017 plerique
1283 1013 1287 1024 ἴ

137 1041 181 1110 de
210 1039 383 1134 Thyestis
414 1065 455 1112 ae
478 1040 591 1112 Terei
615 1039 762 1132 tragicis
784 1042 900 1136 epulis
919 1046 1096 1142 cogitant3
1136 1073 1221 1128 uam

134 1197 219 1266 quas
250 1197 347 1248 nove
376 1175 468 1246 dixit
496 1173 567 1244 Sat.
591 1174 633 1262 5,
667 1175 722 1262 ¹⁵7·
754 1197 890 1250 nrensoe
913 1178 1103 1276 Mycenae,
1134 1185 1220 1260 huic
1330 1209 1334 1230 ·

132 1307 236 1398 loco,
267 1306 368 1378 nullo
390 1305 596 1398 praesertim
612 1307 770 1399 epitlteto
786 1309 963 1400 adiuuem,
984 1314 1220 1402 obtrudendas
1311 1377 1315 1394 ,

15 1449 16 1466 ’
131 1444 300 1514 nondum
328 1442 485 1516 erant“‚
505 1439 675 1512 Orellius.
714 1441 865 1516 Reizius
885 1454 921 1514 et
942 1445 1108 1540 Passus,
1138 1476 1221 1528 cum

130 1578 323 1650 Prisciano
337 1597 481 1648 versum
496 1573 647 1662 sitente,
673 1575 795 1648 dicere
810 1585 847 1646 et
859 1599 920 1646 res
929 1583 1100 1672 grandes
1114 1609 1220 1658 com-

131 1721 223 1784 mute
244 1720 431 1806 separant,
462 1708 578 1803 quod,
610 1709 640 1776 si
664 1669 921 1802 simpliciorem
941 1676 1087 1791 sensum
1109 1743 1219 1794 acce-

133 1848 247 1938 peris:
279 1847 354 1920 sive
374 1867 467 1938 opus
487 1843 534 1914 sit
553 1865 583 1910 o:
606 1843 651 1914 ab
672 1813 737 1910 illo
755 1819 955 1915 instilutum
976 1843 1089 1920 fuerit
1106 1851 1145 1922 in
1159 1851 1241 1932 vel,
1265 1875 1269 1884 ’

133 1981 303 2053 adversus
320 2003 444 2052 mores
463 1973 533 2049 &o
558 1977 620 2048 vix
637 1945 753 2046 textui
775 1952 919 2066 vulgiso
939 1979 1216 2070 praeferendum.

132 2115 407 2204 „versabantur
429 2110 736 2204 ineptissimarum
753 2121 943 2202 poetarum
960 2115 1122 2186 earmina
1135 2095 1228 2212 ple-¹

133 2269 291 2340 rumque
312 2245 351 2316 iu
370 2245 537 2318 omuibus
558 2243 713 2316 luxurie
729 2243 976 2333 instrumentis
984 2251 1003 2337 ,'
1028 2251 1112 2324 vite
1137 2252 1218 2325 ele-

15 2479 16 2482 *
133 2380 282 2473 gautiis,
310 2379 497 2476 epulisque
520 2377 727 2452 lautissimis
741 2402 937 2474 procerum
960 2364 1236 2477 describendis¹
1269 2395 1280 2426 ‘

130 2513 259 2608 haeque
272 2537 330 2585 res
336 2517 526 2612 grandes,
549 2526 590 2586 ut
611 2495 783 2608 putabam
803 2511 857 2586 illi
879 2517 1044 2610 attidem,
1065 2532 1217 2595 senten-

129 2650 260 2720 tiarum
281 2659 425 2738 tumore
450 2661 488 2721 et
507 2649 630 2725 verbis
646 2647 855 2719 sonantibus
873 2647 1219 2742 distinguebantur.“
1319 2661 1325 2668 '
1385 2645 1387 2655 ’

129 2745 278 2878 Kosuig.
345 2822 349 2835 ι

205 2981 362 3075 Propius
377 2980 450 3052 ism
466 2983 605 3054 secedit
619 2945 767 3054 Persius
785 2979 832 3050 ad
851 2979 929 3074 ipsa
942 2981 1144 3086 carminum
1162 2984 1220 3056 sui

130 3117 307 3209 temporis
328 3115 416 3188 vitia
437 3115 697 3200 describenda,
729 3124 766 3183 et
786 3111 933 3206 quidem
952 3139 985 3188 v.
1012 3115 1157 3211 69-75.
1175 3119 1243 3194 ad·
1372 3136 1386 3154 ·

73 3264 77 3273 ·
131 3252 262 3320 inanes
286 3259 456 3329 trunores.
507 3247 566 3320 Ad
587 3245 779 3318 transitum
797 3245 1000 3320 molliorem
1016 3248 1219 3332 faciendum

130 3381 229 3452 bene
250 3379 395 3474 supplet
413 3381 570 3476 Koenig:
610 3382 735 3472 ‚‚lllam
757 3389 1053 3480 argumentorum
1073 3389 1218 3462 vaniu-

131 3529 222 3605 tem,
261 3517 401 3610 ineptos
428 3527 588 3590 tumores
616 3541 660 3590 so
687 3541 814 3591 rerum
839 3521 1033 3612 grandisne
1057 3493 1219 3594 studium
1324 3518 1331 3530 '
1385 3531 1388 3538 ’

131 3673 245 3746 prope
262 3651 481 3726 sbomnibus
496 3652 670 3743 adamari,
694 3677 742 3726 ne
754 3653 916 3726 mireris:
941 3649 1218 3726 eecemodo&c.

202 3849 265 3945 69.
316 3851 469 3924 Heroas
494 3875 640 3939 sensus,
679 3862 892 3944 argumenta
913 3805 1144 3942 pessuma,
1175 3851 1220 3928 ab
1349 3898 1351 3904 ·

132 3985 174 4054 iis
186 3995 372 4077 suscepta,
396 3987 461 4080 qui
474 3950 687 4086 Horitisnss
701 3968 804 4080 oblip
820 3981 959 4076 regulae
976 4005 1098 4052 aureae
1112 3980 1169 4072 (A.
1177 3987 1217 4058 P.

135 4119 206 4212 ts.)
231 4142 280 4189 ne
305 4117 502 4190 humilibus
522 4120 672 4213 quidem
684 4117 845 4192 materiis
862 4116 1012 4186 dextere
1028 4120 1220 4220 traotmdis

134 4253 348 4326 sufficerent.
398 4249 560 4343 Heroas,
579 4249 891 4347 enallageGraeois
904 4249 1087 4324 etlmtiuis
1100 4255 1218 4350 poetis
1293 4344 1297 4353 '

134 4383 341 4476 sensilisris,
366 4407 438 4482 qua
453 4385 526 4459 duo
539 4387 757 4462 substantiva
772 4382 822 4457 ite
835 4385 1044 4482 iunguntur,
1069 4397 1109 4460 ut
1123 4387 1219 4457 alte-

135 4541 218 4592 rum
232 4521 306 4596 vim
322 4517 453 4596 lrabeat
473 4521 650 4600 adieetiri·
706 4519 886 4620 Exemplo
905 4523 1052 4699 P²⁸7⁵2w
1070 4519 1117 4627 ael
1140 4516 1176 4586 h.
1192 4515 1216 4586 1.
1246 4638 1250 4646 Ι
