2868 5200
320 471 366 519 20
697 473 785 526 ser.
810 476 872 542 v.,
900 459 1049 528 24-51.

318 598 911 622 m*
918 603 1400 628 *1--1--11——1—-1-1

191 753 193 760 ·
318 731 532 800 ostendisse
549 729 662 800 iuvat.
716 730 855 818 Pulsa,
868 731 1095 842 ldignoscere
1109 749 1260 828 cautus,
1323 823 1331 834 ,

318 863 419 948 Quid
435 863 595 934 solidum
611 877 736 960 crepet
745 916 758 953 ,
783 876 821 936 et
828 867 945 960 picta
966 871 1122 952 tectoria
1137 873 1285 968 lingum.

317 998 394 1067 His
409 1022 478 1092 ego
491 1010 666 1074 centenas
682 999 803 1068 ausim
821 1001 1015 1095 deposcere
1032 1027 1154 1096 voces,

323 1133 394 1220 Ut,
419 1145 602 1228 quantum
616 1133 708 1203 milti
723 1145 759 1202 te
777 1133 925 1204 sinuoso
940 1137 980 1205 in
989 1149 1144 1232 pectore
1148 1135 1225 1232 fixi
1232 1193 1245 1228 ,
1329 1229 1331 1237 Α

232 1297 235 1318 ·
319 1269 419 1340 Voce
434 1267 584 1340 tranem
590 1241 694 1361 puro
700 1319 715 1354 ,
739 1279 930 1364 totumque
944 1271 1013 1342 hoc
1028 1272 1141 1343 verba
1155 1275 1357 1372 resignent,

269 1420 273 1432 '
317 1402 426 1487 Quod
448 1403 544 1473 lutet
566 1425 710 1474 arcana
728 1425 803 1470 non
817 1403 1037 1521 'enarrabile
1048 1405 1165 1500 fibra.

393 1667 484 1738 Cion
495 1667 663 1762 primum
671 1666 815 1762 pauido
829 1681 953 1738 crestos
967 1670 1061 1740 minz·
1070 1697 1248 1768 purpura
1262 1681 1386 1770 cessit,

316 1805 504 1902 Bullaque
520 1801 716 1873 succinctis
733 1799 899 1872 Laribus
915 1803 1059 1874 donato
1069 1809 1274 1901 pependit,

319 1937 410 2014 Cum
426 1939 556 2012 blondi
572 1938 742 2024 comites,
769 1949 923 2035 totaque
940 1905 1089 2035 impune
1106 1939 1253 2070 Subura

317 2076 498 2152 Permisit
511 2071 694 2167 sparsisse
710 2073 833 2142 oculos
850 2074 926 2143 iam
943 2077 1126 2148 condidus
1139 2072 1267 2166 umbo,-

319 2213 480 2308 (mmque
495 2207 568 2276 iter
584 2205 797 2300 arnbiguum
812 2220 889 2295 est,
914 2221 951 2278 et
969 2211 1061 2280 vitoe
1075 2211 1220 2282 nescius
1232 2234 1341 2284 error

316 2347 477 2423 Diducit
494 2341 662 2436 trepidas
680 2363 831 2410 rumoso
852 2342 892 2410 in
907 2343 1072 2437 compito
1088 2357 1248 2434 mentes,

317 2483 384 2576 Me
403 2477 471 2551 tibi
492 2474 678 2571 supposui.
735 2473 893 2546 Teucros
910 2487 951 2544 tu
965 2477 1122 2572 suscipis
1138 2501 1256 2546 annos

307 2615 526 2701 ·Soorotico,
551 2607 728 2696 Cornute,
753 2608 846 2678 sinu.
903 2597 1157 2704 [luncfollere
1172 2611 1304 2682 sollers

315 2749 504 2850 Apposito
519 2735 676 2816 intortos
689 2742 856 2860 extendit
876 2743 1009 2838 regula
1028 2768 1167 2832 mores,

295 2884 300 2908 ⁶
316 2888 369 2960 Et
378 2883 567 2982 premitur
579 2879 726 2948 ratione
739 2875 887 2946 animus
903 2875 1071 2973 vincique
1085 2879 1234 2952 laborat
1242 2935 1255 2968 ,

313 3015 577 3114 Artificemque
600 3025 664 3084 tuo
681 3011 785 3084 ducit
801 3008 866 3080 sub
875 3011 1016 3105 pollice
1026 3014 1179 3092 vultum.

318 3155 451 3239 Tecum
466 3150 601 3221 etenim
619 3148 746 3244 longos
763 3146 914 3216 memini
928 3167 1138 3218 consumere
1149 3149 1268 3238 soles,

315 3288 368 3360 Et
386 3299 505 3361 tecum
517 3283 664 3376 primos
679 3280 799 3374 epulis
823 3281 1017 3376 decerpere
1041 3293 1176 3353 noctes.

246 3449 251 3458 ·
318 3421 442 3491 Unum
453 3439 546 3511 opus
559 3426 596 3484 et
611 3414 772 3510 requiem
781 3414 934 3508 puriter
948 3415 1177 3510 disponimus
1192 3419 1309 3491 untho
1316 3477 1331 3510 ,

1210 3521 1214 3548 .
1282 3521 1289 3541 ,

312 3552 437 3651 Atque
460 3547 668 3624 verecundo
688 3547 861 3619 laxamus
883 3547 982 3618 serio
1005 3569 1142 3618 menso.
1203 3637 1208 3648 ι

279 3703 289 3720 ’
314 3691 400 3764 Νοη
415 3655 583 3784 equidem
598 3683 666 3754 noc
677 3680 842 3772 dubites,
867 3681 1059 3754 amborum
1067 3681 1226 3776 foedere
1242 3704 1366 3766 certo

313 3821 526 3914 Consentire
551 3818 630 3889 dies
637 3871 650 3908 ,
682 3830 718 3887 et
741 3815 789 3888 ab
813 3839 886 3888 uno
905 3817 1030 3890 sidere
1046 3817 1144 3888 duci:

312 3959 456 4028 Nostro
465 3955 527 4028 vel
540 3951 679 4051 aquali
690 3951 884 4048 suspendit
901 3964 1071 4047 temporo
1085 3949 1208 4023 Libro

309 4093 438 4172 Parca
454 4103 566 4160 tenax
582 4088 661 4160 veri
668 4141 680 4175 ,
706 4111 770 4158 seu
787 4101 882 4158 noto
892 4084 1073 4196 fidelibus
1087 4085 1184 4158 hora

309 4224 461 4296 Dividit
476 4224 515 4292 in
530 4223 706 4294 Geminos
724 4225 922 4296 concordio
937 4223 1036 4316 foto
1062 4215 1243 4310 duorum,

208 4413 221 4420 -
307 4358 582 4453 Saturnumque
592 4381 748 4453 gravem
767 4358 993 4430 nostroIove
1007 4357 1230 4454 frangimus
1250 4385 1358 4440 una.

199 4593 211 4604 α
308 4495 454 4581 Nescio,
466 4489 584 4590 quid?
596 4503 695 4562 certe
701 4506 769 4578 est,
784 4495 885 4589 quod
892 4491 1026 4566 metibi
1034 4501 1234 4588 temperat,
1248 4513 1405 4580 astrm⁴
