3052 5202
228 459 255 480 ''
287 459 356 532 siti
667 473 755 522 sse.
780 475 865 539 un,
890 455 921 523 3.
938 455 971 524 4,

283 735 381 805 hune
413 753 558 806 vorsum
586 729 728 800 ridetur
757 729 927 801 imitatus:
977 731 1216 818 „indomitum
1243 731 1370 801 Meroe

203 869 210 885 '
285 889 416 962 cogens
443 887 609 958 spumare
640 862 1019 934 1³a1ernu1n.“Pnsrs.
1052 865 1209 950 10‚162.
1264 865 1371 934 Tales

286 990 364 1086 eius
386 999 453 1072 aevi
473 997 659 1084 homines,
692 996 876 1090 crapulam
895 997 1137 1096 edorrnientos
1162 1009 1198 1066 et
1221 997 1267 1068 nd
1289 971 1383 1068 mss-'⁹

285 1136 387 1212 dium
407 1155 522 1226 usque
538 1131 633 1202 diem
651 1141 854 1220 stertentes,
881 1132 1019 1200 Seneca
1035 1140 1070 1198 et
1085 1130 1216 1200 Cicero
1232 1111 1374 1200 deseri-¹

284 1269 385 1344 bunt.
400 1267 434 1356 i)
484 1263 702 1352 Falernum,
726 1267 833 1336 tontis
856 1265 1024 1352 laudibus.
1042 1265 1086 1333 sb
1101 1265 1255 1336 Horatio
1272 1268 1369 1336 eele-

285 1402 428 1475 brotum
437 1453 449 1489 ,
478 1400 587 1477 torris
603 1422 700 1468 nuno
713 1399 928 1484 subductum
942 1400 1107 1492 queritur
1124 1399 1248 1470 doctus
1263 1399 1372 1472 rino-

285 1559 371 1610 rum
392 1531 607 1626 scriptorA.
632 1533 865 1602 Henderson:
906 1534 988 1604 The
1011 1533 1153 1628 history
1176 1534 1218 1607 oi
1232 1534 1375 1604 ancient

285 1669 359 1744 end
382 1667 533 1740 modern
555 1667 695 1738 Wines.
727 1666 845 1736 Lond.
873 1667 976 1735 1824.
1046 1665 1285 1762 Despnmora
1304 1689 1372 1759 pro

179 1800 182 1809 ’
248 1877 250 1885 ,
287 1801 573 1898 „concoquere‚“
588 1823 670 1872 eum
690 1799 787 1894 quod
800 1799 989 1892 coquitur,
1014 1801 1219 1890 despuman
1235 1799 1350 1901 solet,

361 1939 396 2008 4.
448 1933 555 2007 Dum
578 1935 678 2006 lineo
702 1935 872 2034 tangitur
896 1937 1029 2032 quintu
1054 1931 1202 2023 umbra,
1237 1933 1373 2026 hypsl-
1469 2029 1479 2041 ἱ

287 2073 368 2168 logo
391 2094 480 2165 pro:
524 2074 610 2144 dum
636 2095 695 2163 qu.
728 2051 824 2140 lines
853 2073 1012 2164 tangitur
1030 2057 1187 2162 'umbrs3
1227 2040 1374 2138 durnin

288 2205 399 2276 solari
418 2205 608 2295 horologio
626 2225 788 2293 gnomon
810 2169 945 2295 quiniae
966 2201 1074 2281 lineae
1095 2206 1261 2276 umbram
1282 2200 1374 2270 facit

287 2337 380 2407 Orto
407 2333 481 2402 sole
501 2303 783 2401 adumbrabatur
796 2332 889 2402 hors
903 2337 1039 2425 primo5
1066 2363 1149 2408 cum
1172 2339 1217 2408 od
1242 2348 1377 2406 sextam

287 2472 422 2541 lineam
436 2451 737 2551 runbraveno'int,
761 2465 932 2534 meridios
948 2481 1034 2536 erat.
1078 2470 1217 2538 Sola'rin
1231 2470 1376 2538 Roma-

289 2605 347 2678 nis
363 2601 450 2674 olim
464 2601 667 2694 frequentin
682 2598 802 2686 fuisse,
829 2601 981 2670 ostendit
1000 2601 1099 2670 locus
1118 2599 1272 2711 utiellio
1291 2623 1394 2668 ser-v

270 2753 393 2814 ·vstus
409 2735 612 2824 Plautinus,
638 2732 714 2820 vel,
740 2745 779 2803 ut
794 2736 860 2822 nit,
886 2733 1182 2806 Plautinissinrus.
1198 2733 1256 2820 ss)
1301 2737 1377 2807 Ce-

313 3009 342 3093 *)
372 3007 531 3088 „Turpis‚
561 3007 616 3088 qni
642 3007 703 3067 sito
728 3007 792 3069 solo
813 3007 1009 3069 semisomnis
1033 3009 1133 3082 iacet,
1164 2987 1378 3090 cuiusvigilia

375 3113 480 3175 medio
498 3111 550 3172 die
567 3111 694 3191 incipit,
722 3123 753 3172 et
773 3113 874 3176 edhno
898 3113 1003 3175 multis
1020 3112 1080 3176 hoe
1093 3117 1308 3176 antelucanum
1323 3126 1376 3180 est,

303 3242 311 3250 ·
377 3221 465 3290 Sunt,
487 3216 541 3294 qui
557 3217 657 3278 officis
672 3217 751 3278 lucis
770 3220 932 3300 noctisque
950 3229 1145 3298 pervertunt,
1167 3243 1225 3282 neo
1241 3231 1312 3282 onte
1327 3220 1379 3280 di-

374 3321 493 3380 ducunt
514 3323 620 3382 oeulos
647 3321 791 3384 iresterna
814 3341 921 3399 preuves
946 3323 1088 3402 crepulo,
1119 3347 1209 3404 quom
1232 3337 1379 3408 oppetere

376 3441 440 3504 nost
464 3423 577 3499 eoepit.
629 3423 738 3501 Qualis
763 3425 888 3483 illorum
911 3428 1049 3485 conditio
1069 3428 1202 3505 dieitur,
1224 3451 1299 3509 qnos
1322 3451 1379 3488 ne-

373 3537 453 3600 turs,
472 3533 507 3584 ut
522 3526 566 3583 ait
581 3527 732 3604 Virgilius
747 3527 873 3602 (Georg.
893 3544 916 3600 1,
937 3528 1017 3607 250.)
1032 3531 1156 3589 sedibus
1171 3531 1286 3590 nostris
1299 3533 1377 3591 snb-

377 3629 458 3692 ditos
475 3631 663 3691 econtrario
677 3629 789 3710 posuit.
831 3609 1042 3712 Suutqnidoni
1058 3630 1090 3691 in
1105 3633 1210 3694 eadem
1229 3635 1308 3694 urbe
1318 3653 1379 3705 sin-j

376 3735 512 3816 tipodes,
534 3735 604 3814 qni,
625 3745 660 3794 ut
676 3730 721 3795 M.
746 3734 898 3808 comsit,
921 3757 978 3796 nee
994 3735 1149 3806 orientem,
1162 3759 1307 3819 nmquam
1327 3763 1380 3800 so-

377 3843 441 3902 lens
459 3837 618 3913 videruns,
639 3859 695 3899 neo
721 3839 949 3900 occidentem.“
968 3842 1027 3920 Ep.
1048 3859 1114 3916 122,
1135 3863 1161 3904 r.
1181 3865 1207 3905 2.
1229 3845 1379 3919 „Asotos“
1483 3827 1484 3832 ἵ

378 3947 450 4008 illos
467 3942 545 4006 dicit
561 3945 683 4024 Cicero,
704 3945 807 4028 quiin
823 3955 1113 4022 menssmxomsnt,
1137 3959 1167 4012 et
1182 3950 1236 4028 qni
1248 3951 1287 4009 de
1300 3971 1378 4010 eon·

377 4051 473 4110 viriis
489 4050 686 4130 auferantur,
717 4051 867 4132 crudique
891 4051 1044 4132 postridie
1066 4072 1099 4112 se
1115 4073 1223 4115 rursus
1237 4050 1379 4132 ingurgi-

378 4154 462 4226 tent3'
486 4155 541 4234 qui
563 4157 676 4231 soient,
703 4167 737 4217 ut
752 4158 856 4234 siunt,
877 4179 935 4220 nee
954 4157 1149 4220 occidentem
1166 4177 1310 4240 uusqnsm
1326 4154 1376 4216 vi·

380 4255 498 4332 derint,
520 4279 578 4320 neo
595 4261 780 4324 orientem.“
800 4263 839 4326 d'e
852 4264 984 4324 Finibus
1001 4285 1030 4340 2,
1047 4277 1076 4334 8.

296 4410 344 4485 **)
377 4387 534 4468 l‘msitu's
556 4413 694 4474 esuriens
718 4416 879 4478 inducitur·
898 4419 942 4478 ita
965 4417 1114 4497 loquens:
1143 4401 1207 4492 „Ut
1229 4416 1315 4476 illuns
1334 4411 1378 4471 Di

380 4513 525 4596 perdant,
544 4514 664 4591 primus
681 4519 733 4598 qni
751 4517 1007 4603 horas-repperit,
1030 4520 1155 4604 Quique
1170 4523 1247 4580 sdeo
1260 4519 1379 4600 primus
