2984 5204
516 428 678 495 stu-V„
703 435 834 504 77-79.
933 429 937 440 ’
1150 421 1217 488 tn

135 688 346 774 hominurn,
372 707 454 754 cum
477 653 707 776 degeneravit
730 645 904 760 mrinsus.“
928 684 1021 758 Plin.
1040 687 1088 760 H.
1102 687 1148 759 Ν.
1170 693 1225 779 14,

70 872 74 882 .
138 815 200 892 so.
250 819 401 914 Lippus
416 818 486 892 vid.
505 840 539 905 r,
554 839 612 908 7⁹.
639 819 835 914 Farrago,
861 819 906 888 ed
923 820 1227 911 agosonemrele·

136 965 234 1042 tum,
260 976 368 1040 sensu
380 951 533 1044 proprio
548 953 777 1024 sumendum}
810 955 890 1044 „Ex
904 965 1044 1048 segete,
1065 955 1129 1028 ubi
1152 967 1226 1026 sete

136 1087 297 1158 admixta
317 1085 496 1156 hordeum
519 1095 556 1154 et
579 1086 670 1156 vicie
690 1097 726 1158 et
750 1085 932 1180 legumine
954 1089 1075 1180 pabuli
1091 1099 1225 1182 caussa,

114 1201 269 1293 'viridis
293 1220 391 1314 quod
413 1220 514 1291 ferro
538 1243 645 1310 coese,
678 1218 822 1314 farrago
840 1225 929 1293 est.“
969 1223 1091 1294 Varro
1107 1224 1151 1294 de
1168 1223 1224 1302 Rc

136 1355 243 1428 llust.
265 1379 296 1443 1,
312 1357 372 1443 31,
389 1357 421 1424 5.
436 1356 472 1436 (³)
526 1351 735 1444 Turbioem,
759 1379 891 1449 gyrum
907 1353 1004 1442 dicit,
1029 1357 1128 1452 quod
1142 1365 1224 1428 ente
1258 1381 1267 1403 ·

135 1486 364 1584 vertiginem.
417 1489 491 1581 Qui
505 1511 574 1582 pro
592 1487 749 1564 turbinis
762 1489 938 1584 glossema
952 1489 1171 1582 „temporis“
1185 1488 1225 1560 in

136 1631 274 1694 textum
290 1606 516 1716 receperunt}
541 1623 607 1710 (ite
620 1623 722 1694 codd.
737 1623 859 1694 Heun.
877 1625 911 1692 4.
930 1624 962 1696 5.
981 1624 1014 1694 6.
1039 1623 1121 1720 Ttg.
1132 1621 1223 1694 Hu-

137 1757 315 1828 sumensis
331 1769 365 1828 et
381 1757 546 1851 plerique
564 1759 661 1850 apud
675 1757 941 1843 Acheintrium)
963 1779 1108 1830 sensum
1127 1758 1225 1830 vocis

136 1891 200 1962 vix
215 1889 433 1964 intellexisse
448 1891 624 1964 videntur.
676 1890 884 1980 Turbonis,
906 1880 1004 1984 qu'od
1016 1891 1136 1964 Coesnr
1152 1889 1224 1960 dici

105 2095 109 2102 .
138 2025 273 2100 debere
289 2027 355 2114 eit,
380 2025 517 2100 Charis.
544 2027 649 2120 upud.
672 2025 814 2098 Putsoh.
838 2050 868 2095 c.
891 2045 969 2118 117.
987 2047 1059 2096 usu
1070 2047 1143 2096 non
1156 2045 1223 2094 re·

136 2169 283 2251 ceptum
306 2171 368 2234 cst.
420 2157 577 2234 Morcus
600 2157 752 2248 Domo,
782 2160 925 2252 petroni
945 2159 1062 2232 Marci
1080 2157 1224 2230 nomine

135 2295 212 2362 iem
231 2305 396 2381 ornante,
430 2295 532 2368 cuius
547 2293 731 2390 frequenti
743 2294 957 2387 repetitione
973 2293 1018 2362 =in
1034 2291 1224 2386 sequenti-

135 2429 206 2498 bus
226 2429 390 2504 satiricus
412 2427 602 2504 vanitatem
617 2451 744 2503 recens
761 2426 971 2502 munmrnssi
987 2438 1025 2500 et
1035 2427 1224 2500 Romano-

134 2585 219 2634 rum
235 2563 275 2634 iu
288 2563 493 2644 nominibus
509 2563 741 2636 ambitionem
753 2563 876 2656 tangit.
895 2563 1054 2654 „Quinte
1068 2571 1225 2653 pntaeut

136 2695 264 2788 Publi;
303 2699 458 2790 gaudent
485 2696 711 2786 prenomine
734 2693 861 2766 molles
881 2692 1099 2768 Auriculae.“
1128 2691 1222 2764 Hor.

136 2834 207 2902 Set.
224 2849 259 2916 s,
278 2831 311 2917 5,
327 2835 389 2924 52..
435 2828 592 2900 Romani
616 2849 698 2902 cum
721 2797 876 2919 aliquem
897 2824 1094 2926 honorifice
1115 2833 1156 2894 ut
1173 2821 1225 2892 li·

137 2966 269 3034 bcrum
285 2973 347 3031 etit
361 2961 558 3054 ingenuum
571 2957 814 3053 appellarent,
844 2961 1069 3051 praenomine
1082 2958 1222 3030 indice-
1265 3007 1267 3016 ‚

137 3099 242 3188 bent3
273 3119 356 3167 nom
378 3091 534 3164 salutare
558 3092 790 3184 cognomine,
819 3091 1007 3168 familiaris
1027 3101 1114 3168 eret.
1171 3089 1230 3163 lte

138 3231 236 3326 epnd
258 3207 474 3302 Ciceronem
498 3227 536 3297 in
558 3225 744 3318 Epistolis:
783 3228 930 3314 „caesar
951 3225 1134 3302 Pontum
1154 3220 1223 3300 &n

137 3365 222 3440 vid.
246 3363 409 3436 turneb.
428 3357 519 3456 Adv-
542 3381 577 3449 2,
599 3385 653 3456 19.
680 3361 725 3432 cf.
746 3361 821 3432 Cic.
844 3361 912 3454 Ep.
934 3363 978 3438 nd
993 3359 1119 3434 Famil.
1139 3383 1170 3448 1,
1187 3383 1221 3454 9.

138 3502 262 3598 Papoe
284 3524 305 3572 a
329 3501 396 3570 Gr.
422 3514 549 3582 tanea,
567 3497 651 3619 hrel,
684 3508 724 3568 nt
744 3497 927 3572 Lucienus
950 3496 1076 3585 habet,
1100 3527 1221 3568 oenoe.

139 3633 273 3708 Marco
297 3635 554 3732 spondente··
589 3632 721 3706 Marce
743 3629 918 3731 tabellae,
962 3631 1087 3706 Verbo
1105 3641 1223 3725 poetro

159 3923 187 4008 ⁸)
219 3925 271 3986 Sic
287 3927 443 3988 Gesnerns
461 3942 492 3992 ct
505 3927 696 4010 antiquiores
703 3927 857 3989 Varronis
872 3925 1025 4004 editorem
1042 3935 1074 3987 et
1088 3923 1222 3986 Schnei-

225 4031 333 4108 dorus,
353 4037 512 4094 recentior
527 4033 630 4094 editor
644 4031 760 4111 (1794)
781 4031 841 4092 ite:
870 4031 1006 4106 „viridia
1032 4029 1116 4112 quod
1135 4031 1220 4090 ferro

224 4153 316 4212 caesa,
344 4137 467 4216 ferrugo
489 4137 603 4198 dicte.“
654 4135 855 4215 Ferrugincm
873 4137 1058 4202 vocabulum
1074 4135 1220 4196 Latinum

224 4261 305 4314 esso,
332 4239 525 4318 assrrsgine
552 4241 746 4316 (intinctum,
778 4241 869 4302 docet
891 4242 984 4301 etism
1009 4245 1108 4304 codex
1128 4253 1221 4304 vetn-

135 4193 143 4226 t

222 4343 374 4404 ctissimus
392 4344 582 4408 Pithocnnns
604 4347 641 4407 L.
666 4346 720 4428 qui
740 4345 799 4406 lucc
822 4348 892 4434 loco
912 4347 1078 4411 lectionem
1094 4349 1221 4426 „ferre-
1318 4345 1327 4364 ⁶

220 4449 311 4529 git¹e“
328 4450 464 4517 exhibet.
