2984 5204
583 433 671 498 sur.
700 435 760 504 v.,
787 393 868 488 126.
1188 419 1287 514 459,

170 661 287 777 diets,
311 685 349 758 in
370 712 477 764 usum
500 691 682 796 metlieern
705 689 987 763 asservabantur.
1039 682 1259 790 „Distringi‘

170 797 322 920 proprie
338 823 471 912 dictos,
495 825 558 918 qui
574 825 623 894 ita
637 823 880 912 iniciebantur,
905 823 1074 896 discimus
1099 849 1146 895 ex
1166 825 1256 898 Plin.

170 957 219 1054 ll.
229 957 272 1028 Ν.
292 959 350 1048 54,
361 960 393 1028 8.
409 957 472 1028 ubi
489 959 535 1028 de
550 958 751 1052 Polyclete:
778 959 888 1044 ,',lecit
902 969 937 1028 et
953 957 1258 1060 distringentem,“

171 1103 208 1161 et
220 1087 342 1184 paullo
357 1103 439 1184 post
452 1093 497 1162 de
510 1094 696 1186 Lyeippo:
721 1091 832 1180 „lecit
846 1103 881 1164 et
893 1093 1166 1187 distringentern
1184 1091 1257 1164 se.“

169 1225 214 1296 cs.
236 1225 427 1334 Plinsiun.
449 1227 518 1319 Ep.
544 1229 580 1314 5,
606 1227 641 1314 5,
665 1251 699 1322 7,
748 1225 949 1322 Augustum
976 1239 1092 1298 cutenr
1122 1228 1256 1300 loesisse

169 1359 341 1458 „assiduo
359 1371 396 1430 et
416 1359 618 1440 vehementi
640 1361 788 1455 strigilis
811 1365 914 1448 usu‚“
935 1362 1046 1432 tradit
1064 1363 1255 1433 Suetonius

167 1493 257 1588 Aug.
276 1497 333 1566 80.
385 1493 623 1566 Ilinnsersan
639 1496 760 1568 unctio
775 1495 938 1591 strigilis,
964 1519 1036 1589 quo
1051 1495 1170 1566 minus
1184 1519 1254 1596 ep·-

166 1639 240 1699 tem
257 1627 421 1700 laederet:
448 1629 579 1718 „Sonat
592 1630 707 1700 unctis
725 1628 929 1722 Strigilibus
942 1630 1122 1718 (domus),
1143 1629 1251 1724 pl'eno

166 1765 351 1858 componit
378 1763 489 1832 lintea
517 1757 652 1855 gutto.‘⁴
692 1763 846 1836 Iuvenal.
871 1767 906 1854 5,
934 1764 1017 1836 262.
1083 1763 1252 1850 Sonabat,

164 1897 297 1968 ferreae
313 1898 410 1968 enim
425 1896 640 1990 plerumque
656 1907 760 1972 erant
774 1899 941 1994 strigiles,
956 1897 1247 1988 Martial.1l,51.

162 2035 229 2104 sed
250 2045 287 2104 et
307 2004 469 2120 eorueae,
502 2021 694 2124 eburneae,
727 2055 868 2122 eureae,
899 2043 1096 2127 argentaae,
1124 2055 1245 2103 aenese.

162 2167 383 2254 AEnearurn,
405 2191 487 2261 quae
502 2167 589 2236 olim
603 2167 697 2240 inter
711 2167 847 2244 rudera
858 2167 1082 2240 thermarum
1096 2165 1248 2240 'l'raiani

95 2293 100 2320 ¹
161 2301 336 2391 inventoe,
363 2301 507 2382 iconem
522 2301 664 2376 exhibet
678 2299 833 2374 Hieron.
849 2283 1078 2372 Mercurialis
1096 2302 1141 2373 de
1157 2299 1245 2372 Arte

161 2437 296 2530 Gymn.
318 2459 349 2524 1,
363 2437 397 2506 8.
429 2435 511 2511 vid.
535 2442 571 2506 e't
593 2437 826 2508 Montsaucon
840 2434 983 2531 Antiqu.
1005 2435 1133 2509 illustr.
1149 2433 1193 2504 T.
1209 2431 1243 2504 6.

160 2571 255 2642 etde
271 2569 306 2642 la
319 2570 479 2644 Oltausse
495 2571 540 2641 de
555 2571 700 2642 tesseris
714 2567 804 2676 Tab.
824 2593 858 2668 9.
871 2575 904 2654 *)
953 2550 1121 2662 Spengl'ee
1137 2567 1244 2638 etlam

158 2727 357 2800 purpureas
378 2705 556 2796 strigilem
572 2705 652 2774 loeo
670 2705 848 2774 adlubitae.
879 2701 970 2773 Plin.
983 2699 1032 2792 H.
1048 2700 1093 2771 N.
1110 2700 1170 2786 5'1',
1187 2723 1242 2769 11.

159 2839 308 2914 Balnea
319 2839 370 2922 **)
388 2833 570 2932 Crispini,
596 2859 640 2906 au
657 2835 773 2934 illius,
794 2835 839 2906 de
854 2857 927 2928 quo
942 2833 1119 2906 Iuvenalis
1138 2853 1169 2922 1,
1184 2831 1241 2902 26.

138 3010 455 3046 ...ἑῇ-*Π

96 3117 102 3130 ’
178 3161 211 3245 ν)
245 3161 286 3222 e.
306 3153 471 3220 ristun.
497 3153 531 3216 u
553 3151 777 3234 nesorspoons
795 3156 883 3218 urso
897 3157 1005 3218 roms
1024 3177 1050 3217 ο.
1069 3163 1115 3226 ιε.
1135 3150 1241 3230 essse,

77 3284 80 3297 ·
215 3287 274 3346 ‚se
290 3278 390 3344 propa
401 3259 527 3324 balneas
540 3259 646 3336 Pauli,
666 3259 807 3324 luvanal.
825 3280 853 3340 7,
869 3265 941 3325 233.
963 3261 1069 3352 dietap,
1092 3269 1241 3339 eerrnpto
1324 3349 1327 3354 Ι
1377 3353 1384 3363 ¹

240 3389 324 3432 nune
342 3387 485 3430 sermono
501 3367 604 3448 Bagra
619 3364 688 3428 Peli
703 3364 890 3440 nenrinatas,
919 3367 1052 3452 sormam
1066 3365 1193 3446 strigilis
1208 3375 1241 3426 et

238 3473 396 3556 ampulla,
417 3472 450 3534 in
475 3471 616 3552 proiecto
632 3469 741 3552 lapide
763 3473 952 3553 exsculptam
974 3473 1099 3534 vidisse.
1145 3471 1241 3551 Legit

238 3599 312 3660 ergo
323 3577 406 3660 apud
420 3579 601 3638 Iuvenalem
616 3579 721 3642 Pauli
732 3597 791 3658 pro
806 3577 944 3653 Phoebi,
973 3597 1040 3658 quta
1056 3576 1194 3658 vulgaria
1208 3585 1241 3637 et

235 3687 363 3770 quidem
392 3683 581 3766 optimarum
601 3684 775 3746 editionum
802 3684 896 3748 leetie
916 3693 979 3760 est,
1013 3684 1068 3744 sed
1088 3691 1239 3763 suspecta,

237 3811 309 3854 eum
325 3789 507 3852 balnearum
524 3786 645 3850 Phoebi
661 3787 748 3850 nulle
762 3791 905 3866 omnino,
932 3789 1022 3851 Pauli
1037 3809 1114 3850 vero
1130 3787 1165 3849 ia
1181 3787 1239 3848 ‹le-

235 3893 457 3974 seriptienibus
474 3893 621 3974 frequens
637 3891 690 3953 liet
708 3893 834 3954 mentio.
863 3895 936 3956 vid.
961 3894 1104 3976 Onuphr.
1118 3893 1237 3956 Parvi-

236 4000 322 4074 nius,
344 3996 500 4076 Descript.
515 3995 603 4058 urbis
618 3995 736 4070 Reme,
754 3997 827 4076 hog.
841 3999 869 4058 6.
883 4007 915 4060 et
931 3997 1020 4062 Alex.
1038 4000 1179 4064 Donatus
1195 4001 1252 4064 de·
1318 4075 1322 4083 Ι

233 4104 313 4166 urbe
332 4101 432 4163 Roma
447 4105 476 4180 3,
495 4105 542 4168 15.
675 4175 680 4184 ,

149 4259 195 4338 ”)
227 4259 263 4318 In
279 4255 393 4336 plurali
407 4249 521 4316 balneo
538 4255 603 4318 diei
620 4257 751 4338 negabat
766 4257 870 4318 Varro
886 4261 923 4320 ele
939 4261 978 4322 L.
986 4263 1023 4323 L.
1042 4283 1071 4342 7,
1083 4265 1132 4328 25.
1146 4266 1235 4344 8,st

231 4373 263 4424 et
280 4361 406 4423 balneas
422 4361 515 4422 modo
534 4363 729 4442 agnoscebat.
773 4365 841 4426 Nec
854 4363 945 4426 aliter
961 4368 1072 4430 Cicero
1090 4369 1150 4432 boe
1163 4381 1236 4432 ute-

233 4471 324 4532 batur
337 4467 500 4530 vocabule.
543 4469 829 4552 reinehusen,
858 4473 938 4556 plur.
955 4473 1155 4550 diminutivi,
1180 4473 1231 4534 tli-
