2938 5208
487 375 836 486 san.p1.,79.80.
1006 397 1016 406 ¹
1104 373 1212 445 '551
1280 433 1283 447 .

115 650 193 724 sed
209 657 325 741 poetae
338 648 554 756 tribuantnij.
604 647 790 736 Concedo,
816 649 913 739 qnod
928 646 1007 716 haee
1023 647 1093 718 sint
1103 653 1220 722 *sorba

114 783 265 870 Persii,
291 803 366 852 non
389 805 496 871 vero,
522 783 619 875 quod
644 783 788 870 ,pistat‘
814 767 1006 874 legendnm
1031 781 1095 867 sit,
1121 805 1217 874 quo*
1244 869 1256 884 ἱ

116 921 225 992 niam
248 914 346 1014 mdla
368 915 469 986 adest
489 911 653 986 lectionis
679 907 852 1004 insistas,
877 937 946 986 neo
967 914 1043 986 ulla
1059 939 1149 1010 opus
1166 930 1219 990 ost

119 1051 380 1124 emendatione
388 1101 401 1138 ,
426 1051 458 1120 sl
474 1051 583 1121 modo
598 1050 731 1118 sistam
743 1071 812 1140 pro
824 1049 977 1136 „sistere
994 1050 1160 1142 saeiam,“
1180 1065 1216 1125 ot
1250 1138 1252 1142 .

119 1191 297 1260 inventus
319 1170 389 1277 pro
414 1194 513 1272 „tum
536 1185 703 1260 inventas
727 1184 802 1254 est“
825 1185 1016 1274 acceperis.
1068 1189 1213 1274 Persius

117 1325 307 1395 finitorem
331 1319 450 1392 acervi
472 1329 548 1389 tam
570 1315 726 1408 denique
748 1315 932 1389 inventum
953 1341 1047 1406 asse,
1073 1320 1212 1390 ironice

119 1457 232 1544 diois,
262 1477 344 1526 cum
373 1453 593 1545 depnuetum
622 1451 750 1537 fuerit,
792 1451 854 1520 ubi
882 1451 1072 1524 constituat
1102 1454 1212 1528 finem
1263 1447 1266 1452 λ

121 1613 317 1686 quousque
341 1611 469 1663 avarus
491 1609 578 1681 opes
600 1583 818 1672 accumulet,
840 1595 876 1654 et
900 1557 1211 1682 torininmn,‘qto

120 1726 381 1806 accomodando
397 1724 557 1800 satiatus.
586 1723 661 1802 Pro
676 1721 853 1798 lavemus
865 1721 942 1795 cod.
958 1721 1076 1797 Haun.
1096 1721 1213 1820 quarff

120 1875 200 1934 tus:
225 1863 406 1934 loventot,
439 1925 443 1936 .

87 2029 93 2038 ·
201 1999 259 2066 80.
308 1989 490 2068 Acestam
511 2002 614 2066 vocat
637 1959 787 2078 soriten,
815 1991 913 2082 quod
928 2014 969 2061 eo
984 1973 1159 2084 {gradatim
1174 1999 1211 2060 et

119 2128 324 2202 minutatim
344 2126 562 2220 aliquidaut
586 2126 730 2197 additur
752 2133 814 2194 aut
831 2124 1005 2214 demitur,
1031 2125 1209 2218 quomad-

105 2245 270 2334 modum
285 2261 450 2330 addendo
466 2283 619 2353 granum
635 2281 748 2364 gajano
766 2281 937 2330 coetuum
951 2258 1114 2346 facimus,
1138 2258 1209 2326 dc-

119 2396 325 2490 mendoque
341 2393 567 2464 destruimus.
619 2391 676 2462 Ad
691 2415 798 2490 quam
819 2391 1091 2482 appellationem
1106 2391 1208 2458 eius-

15 2545 22 2564 *
121 2554 191 2626 qne
206 2528 384 2634 rationem
399 2497 662 2615 ¹Horatins'Ep.
682 2546 716 2609 a,
739 2525 842 2613 1,46.
867 2525 1031 2614 respicit:
1066 2524 1207 2610 „Demo

120 2685 252 2746 unum,
277 2659 383 2728 demo
406 2656 514 2726 etiam
536 2677 667 2724 uuum:
694 2656 792 2724 Dum
814 2655 917 2723 cadat
933 2657 1050 2726 elusus
1066 2655 1207 2723 ratione

121 2792 256 2870 ruentis
270 2787 425 2860 acervi.“
446 2789 484 2872 i)
533 2783 780 2886 Chrysippus,
805 2785 1041 2882 philosophus
1060 2787 1208 2878 Stoico:

125 2941 417 2974 mm

145 3062 175 3144 *J
206 3063 256 3122 De
273 3054 400 3118 nomine
418 3053 482 3117 cic.
499 3052 610 3114 Divin.
622 3073 652 3125 2,
672 3056 703 3116 lt.
724 3057 1017 3134 „Quemadmodum
1031 3055 1134 3116 soritas
1151 3077 1205 3116 re-

203 3162 316 3227 sistas?
340 3181 447 3240 quem,
467 3158 495 3219 si
518 3178 641 3218 neccsse
663 3159 720 3235 sit,
750 3163 865 3224 Latino
882 3165 980 3226 verbo
1004 3163 1097 3223 liceat
1115 3181 1205 3220 acer-

121 3273 127 3291 *
204 3265 488 3346 valsmappellare3
517 3263 575 3324 sed
587 3262 665 3323 nihil
684 3285 762 3344 opus
779 3279 843 3343 est,
865 3278 901 3329 ut
917 3268 999 3328 euim
1018 3269 1084 3349 ipsa
1100 3267 1205 3348 philo·
1260 3318 1266 3332 ,

202 3372 310 3454 sophia
325 3380 356 3430 et
370 3369 467 3430 multa
483 3370 578 3430 verba
593 3370 793 3448 Graecorum,
814 3371 858 3431 sic
871 3372 982 3434 sorites
997 3373 1071 3434 sotis
1087 3371 1202 3437 Latino

202 3495 346 3540 sermone
360 3474 452 3536 uitus
472 3479 545 3537 sst.“
565 3475 653 3536 Idem
671 3476 766 3536 Acad.
783 3476 896 3553 Quaest.
912 3481 942 3554 t,
957 3491 1005 3548 28.
1026 3475 1136 3537 soritas
1153 3475 1204 3534 di-

201 3581 246 3642 ait
265 3578 442 3655 „lubricum
464 3590 496 3641 et
509 3580 719 3677 periculosum
737 3567 855 3656 locam,
877 3581 1085 3665 uitiosumquo
1101 3579 1204 3650 inter·
1245 3655 1247 3665 ‚

200 3682 332 3763 rogandi
349 3701 462 3762 geuus5
485 3694 518 3744 et
533 3705 560 3744 c.
575 3703 626 3762 29·
643 3684 686 3743 ito
700 3685 819 3764 porgit:
841 3684 952 3760 „Istius
965 3685 1037 3746 vitii
1053 3705 1126 3743 uum
1144 3703 1205 3740 uo-

201 3799 265 3848 stra
279 3787 369 3867 culpa
384 3787 454 3850 est'l
490 3789 607 3852 Rerum
626 3786 736 3850 natura
754 3789 870 3848 nnllam
886 3789 976 3848 nobis
992 3786 1080 3848 dedit
1095 3785 1206 3862 cogni-

200 3894 319 3954 tionem
335 3893 454 3968 finium,
467 3904 503 3954 nt
520 3877 572 3968 illa
590 3893 623 3954 in
640 3913 674 3953 re
690 3903 824 3953 statuere
840 3893 1013 3972 possimus:
1034 3885 1205 3986 quatenus?

198 4017 256 4058 neo
279 3996 339 4058 ltoc
363 3996 396 4056 in
416 4015 531 4056 acervo
552 3995 654 4059 tritici
678 3996 795 4070 solum,
821 3997 903 4090 unde
926 4001 1120 4070 eumenen,
1149 3991 1205 4054 scd
1241 4001 1249 4018 ‘
1283 3985 1288 3992 ⁴
1357 4021 1360 4030 ·

200 4103 287 4162 nulla
302 4100 429 4162 omnino
446 4101 480 4161 in
497 4121 534 4161 se
549 4098 694 4168 minutim
712 4098 937 4180 interroganti:
956 4101 1059 4176 dives,
1078 4119 1204 4179 pauper,

201 4205 317 4283 clarus,
339 4205 489 4266 obsimus
505 4205 560 4280 sit,
582 4203 688 4278 mtslta,
711 4221 817 4282 pauca,
839 4223 956 4284 magna,
978 4225 1082 4287 parva,
1103 4203 1203 4282 longa,

199 4308 323 4384 brevia,
352 4309 429 4385 lata,
461 4319 601 4390 angusta;
636 4317 751 4390 quanto
769 4323 822 4370 ant
844 4311 967 4386 addito,
993 4320 1046 4370 atat
1067 4311 1202 4388 dempto,

202 4421 320 4474 certum
346 4391 602 4494 r'aspoudcatnlts,
635 4435 697 4476 noa
721 4411 878 4478 habemus.
936 4418 978 4480 at
1002 4416 1109 4479 uitiosi
1132 4423 1205 4475 suut

1098 4527 1103 4536 ·
1202 4535 1217 4572 s
