2984 5204
876 314 890 400 l

510 469 598 522 sur.
621 470 682 534 v.,
706 453 772 521 180
789 475 840 544 sq.
1162 453 1235 548 475

149 733 233 802 dem
257 728 514 819 imperatorem
538 725 729 798 Suetonius
752 725 834 797 Tib.
850 725 913 818 86.
939 735 1102 797 externas
1126 727 1236 826 coeri-

149 863 305 947 monias,
337 861 527 954 AEgyptios
557 861 794 953 Iudaicosque
822 861 932 948 ritus,
973 859 1261 952 compescuisse,

149 997 275 1084 tradit,
302 997 452 1082 coactis,
478 995 540 1087 qui
557 995 811 1086 superstitione
826 1017 869 1064 ea
884 995 1117 1080 tenebantur,
1142 993 1237 1066 reli-

150 1132 266 1224 giosas
291 1139 404 1202 vestes
430 1153 512 1200 oum
531 1129 774 1200 instrumento
797 1130 895 1200 omni
912 1129 1146 1220 comburere,
1170 1091 1237 1200 lu·-

150 1265 313 1336 ‹lasorum
337 1265 556 1340 iuventutem
576 1287 644 1356 per
668 1263 825 1354 speciem
848 1264 1061 1334 sacramenti
1078 1249 1117 1337 in
1142 1285 1237 1356 pro-

150 1399 284 1470 vincias
299 1399 475 1496 gravioris
489 1395 581 1470 coeli
591 1395 826 1486 distribuisse,
841 1396 999 1491 reliquos
1015 1396 1239 1500 gentiseius-

151 1535 252 1618 dem,
300 1533 355 1603 uel
377 1533 508 1604 similia
531 1542 725 1622 sectantes,
766 1533 858 1604 urbe
888 1532 1128 1622 submovisse,
1170 1531 1238 1602 sub

95 1633 98 1648 Ι
150 1689 270 1758 poeno
285 1677 471 1759 perpetuae
487 1667 690 1752 servitutis,
711 1666 778 1736 nisi
796 1665 1107 1758 obtemperassent
1145 1665 1239 1736 Cum
1284 1675 1287 1680 '

151 1801 207 1874 bis
228 1813 349 1874 tamen
373 1799 616 1878 conferendus
640 1801 741 1872 locus
763 1765 925 1871 Pbilonis
939 1799 984 1870 de
999 1801 1176 1894 legatione
1193 1787 1247 1870 ad'

152 1936 292 2024 Caium,
309 1935 371 2005 ubi
387 1936 463 2028 ipse
480 1933 622 2006 ludseus
638 1935 719 2004 iura
731 1933 947 2022 Iudaeorum,
974 1935 1019 2004 ad
1036 1933 1240 2026 exemplum

151 2069 322 2163 Augusti,
347 2064 535 2140 aTiberio
550 2079 690 2142 servato
703 2091 780 2141 esse
797 2067 893 2138 dicit.
946 2067 1130 2164 Pompeiis⁴
1143 2087 1239 2136 enno
1346 2139 1349 2148 ,
1445 2067 1451 2078 '

150 2227 186 2298 p.
200 2205 240 2275 C.
258 2225 305 2296 79
321 2201 496 2296 ignivomi
513 2201 664 2278 Vesuvii
678 2199 863 2275 cineribus
877 2180 990 2305 tectis,
1014 2213 1137 2272 nostra
1151 2223 1239 2274 raro

150 2349 253 2408 aetate
270 2340 434 2424 retectis,
457 2337 520 2408 ubi
534 2335 841 2424 villaGiosronis,
864 2336 1145 2427 Pompeianum,
1170 2333 1240 2426 ipsi
1264 2421 1268 2438 1

150 2469 441 2558 dilectissimum,
466 2481 562 2558 erat,
594 2471 766 2565 princeps
789 2467 1045 2557 aedifioiorum,
1066 2491 1147 2562 quse
1168 2487 1241 2560 pe-

149 2604 377 2696 regrinantes
401 2605 547 2676 visitare
570 2607 703 2694 solent,
731 2605 834 2708 Isidis
857 2613 911 2674 est
932 2601 1117 2694 templum.
1167 2601 1242 2672 vi-

151 2747 280 2805 suntur
295 2735 346 2804 ibi
362 2736 496 2820 Lotos,
521 2735 788 2828 cynocephali,
811 2734 1075 2828 cercopitheci,
1101 2719 1241 2828 ollaque

152 2867 269 2940 cultus
296 2867 458 2959 AEgyptii
487 2865 719 2954 emblemata,
771 2869 888 2939 aditus
917 2833 1045 2955 fontis,
1089 2867 1129 2941 in
1161 2859 1241 2960 'quo

151 3003 354 3076 sacerdotes
377 2997 609 3102 levabantur,
648 2999 799 3094 podium
824 3002 927 3073 Isiaci
950 3001 1150 3088 simulacri,
1175 3003 1241 3072 sub

153 3165 226 3236 quo
243 3136 473 3228 angiportus,
497 3135 690 3230 praestigiis
711 3137 937 3206 secerdotum
960 3136 1150 3234 aptissimi,
1170 3137 1240 3213 rid.

151 3269 393 3348 recusares
407 3246 829 3344 Amrncnvon'musn
844 3267 926 3343 vor.
948 3289 980 3338 s.
1007 3271 1241 3342 oenomaus
1327 3313 1330 3324 -

153 3408 257 3481 Isidis
274 3403 372 3476 cultu
389 3403 632 3481 itsLuoanus:
659 3405 757 3496 „Nos
771 3407 956 3497 intemplo
971 3418 1068 3478 tuam
1078 3375 1249 3532 Romaba²
1296 3489 1299 3499 ι
1475 3459 1478 3544 ἒ

154 3545 358 3636 occepimus
373 3541 446 3612 Isiu
454 3593 467 3628 ,
491 3538 748 3634 Semideosque
764 3563 888 3629 canes,
913 3551 949 3613 et
963 3539 1066 3611 sistra
1081 3541 1251 3614 iubentia.

154 3677 286 3764 luctas,
306 3675 356 3746 Et
370 3699 479 3769 quem
493 3685 532 3746 tu
547 3676 716 3770 plangens
731 3677 914 3750 hominem
928 3675 1068 3746 testaris
1080 3674 1243 3745 Osirin.“

120 3899 124 3912 Ι
155 3809 314 3883 Plrsrsal.
338 3811 374 3895 8,
396 3809 479 3878 851.
507 3809 552 3914 cl}
575 3807 734 3880 Iuvenal.
760 3809 797 3898 6,
820 3811 901 3881 488.
928 3809 1011 3902 527.
1030 3807 1113 3880 531.
1130 3830 1165 3898 9,
1183 3827 1242 3884 os.

157 3949 214 4022 ai.
237 3942 517 4034 12,28.15,92.
544 3965 626 4034 qum
647 3941 727 4014 loca
749 3945 856 4024 etiam
873 3943 1083 4027 ostendunt,
1108 3964 1242 4034 super&
1344 3953 1347 3960 '

155 4077 356 4163 stitionem,
379 4087 419 4146 ut
434 4077 515 4149 fieri
531 4075 642 4162 solet,
662 4077 834 4148 vitiorum
848 4077 957 4148 fuisse
972 4085 1123 4152 matrem
1137 4074 1242 4148 sera-

154 4207 342 4286 cissimam.
383 4208 486 4284 Isidis
504 4233 605 4286 soors
621 4211 808 4284 Ciceronis
821 4233 899 4284 aevo
913 4213 1065 4290 Romam
1079 4214 1240 4284 nondum

155 4347 293 4424 inrecto
312 4340 422 4413 fuisse
439 4343 943 4418 existimatWinclrelmannus
960 4369 1030 4418 von
1047 4346 1241 4419 derKuust

155 4489 262 4558 auter
276 4480 346 4584 don
362 4477 587 4573 AEgyptcrn,
612 4477 713 4576 buch
729 4497 763 4558 a.
787 4503 818 4548 o.
836 4481 869 4552 54
891 4481 950 4551 cui
968 4480 1238 4554 tarnen'oonle-
1303 4486 1307 4517 ¹
