3046 5206
261 717 447 815 regulam,
472 738 553 810 quoe
570 737 657 788 voro
670 712 786 809 follit
805 716 905 812 pede
928 667 1039 807 saro,
1065 741 1256 817 supremus
1280 723 1348 793 iste

260 865 388 927 rerum
403 853 548 940 arbiter,
574 849 845 923 iurisconsultos
862 851 949 925 dum
966 853 1065 922 trudit
1080 853 1237 948 legitque
1252 857 1349 928 inter

251 1013 300 1060 se
315 985 580 1075 dissentientes,
606 983 736 1079 arripit
757 987 933 1079 donique,
954 987 1033 1082 ipse
1054 991 1172 1061 coecus
1194 1001 1231 1060 et
1252 1015 1348 1060 oseca

197 1093 205 1120 ⁸
260 1125 362 1218 quasi
392 1122 539 1196 fortuna
567 1123 714 1216 ductus,
756 1104 867 1192 unam
899 1119 1093 1194 alteramve
1116 1124 1347 1196 sententiam:

183 1328 188 1337 s
259 1257 347 1332 Hoc
366 1224 463 1356 butu
487 1253 558 1331 &a
583 1266 696 1330 astute
717 1279 793 1328 non
816 1255 944 1330 additis
960 1257 1113 1346 caussis,
1138 1257 1265 1332 verum
1283 1261 1348 1348 ita,

136 1394 147 1417 ¹
179 1374 183 1392 ¹
260 1393 472 1488 simpliciter
494 1403 536 1466 ut
552 1371 626 1464 'stet
638 1417 708 1488 pro
722 1393 864 1464 ratione
880 1391 1053 1464 voluntas.
1104 1393 1240 1466 Cuncta
1261 1406 1346 1466 tun·-

261 1529 344 1600 dern
357 1529 397 1598 in
410 1526 642 1643 proverbiale
663 1525 811 1622 aliquod
826 1527 952 1618 ,earn
965 1527 1195 1622 corrigendi“
1215 1529 1349 1602 abeunt

262 1661 464 1734 dicterium.
504 1659 597 1734 Plin.
627 1662 742 1756 Epist.
773 1659 811 1763 5,
845 1683 905 1752 rr,
929 1661 963 1734 5.
1004 1662 1130 1736 Senes.
1152 1660 1345 1758 Apocoloe.

153 1767 162 1906 ζ
259 1797 370 1892 Quod
384 1797 457 1873 suis
470 1796 522 1868 ita
535 1796 716 1868 coloribus
731 1795 851 1890 pinxit
865 1795 1048 1890 satiricus,
1081 1799 1179 1870 idem
1193 1797 1347 1869 histori-

260 1957 324 2006 cus
340 1932 530 2006 Suetonius
544 1931 671 2039 tradit:
703 1929 879 2024 „Quoties
893 1931 941 2004 ed
954 1933 1224 2006 consultandum
1238 1955 1348 2040 sece-

261 2071 383 2158 deret,
414 2068 591 2164 usquein
613 2089 807 2168 commune
825 2069 1043 2164 quidquam,
1075 2089 1348 2164 nequepropa-

180 2291 184 2299 1
260 2201 333 2276 lam
348 2181 578 2287 deliberabat,
594 2201 659 2270 sed
675 2212 712 2270 ct
727 2203 949 2295 conscriptas
962 2205 1007 2275 ab
1023 2225 1245 2300 unoquoque
1260 2225 1345 2279 sen-

257 2321 394 2406 tenties*
407 2333 535 2402 tacitus
557 2355 599 2400 ac
622 2343 764 2407 secreto
787 2333 929 2426 legens,
961 2337 1058 2430 quod
1081 2337 1150 2408 sibi
1173 2315 1348 2425 libuisset,

181 2497 185 2508 ·
257 2466 411 2562 perinde
424 2475 532 2560 atque
547 2463 712 2560 pluribus
727 2464 823 2536 idem
836 2465 1030 2564 videretur,
1053 2469 1349 2562 pronuntiabat.“

258 2605 346 2679 Ner.
368 2601 425 2674 15.
465 2597 524 2674 Ad
547 2599 695 2696 nigrum
723 2571 844 2672 dlicta
866 2599 957 2672 vitio
976 2598 1261 2698 praefigendum,
1285 2601 1349 2672 le-

259 2737 360 2834 genti
375 2734 555 2808 succurrit
570 2733 732 2806 affectata
746 2733 808 2806 illa
823 2735 982 2808 Neronis
998 2733 1204 2806 clementia:
1230 2737 1348 2824 „Cum

260 2875 306 2946 de
321 2869 501 2966 supplicio
517 2867 703 2946 ettiusdem
718 2869 833 2964 capite
849 2869 1018 2960 damnati,
1031 2879 1073 2940 ut
1087 2891 1244 2944 exmore
1257 2873 1346 2940 sub-

260 3009 450 3093 scriberet,
467 3006 743 3086 admoueretur:
770 3027 877 3098 quum
890 3003 1031 3094 vellem,
1055 3005 1185 3104 inquit,
1206 3006 1346 3078 nescire

259 3141 431 3216 literasl“
455 3137 601 3230 Sueton.
623 3161 678 3212 ro.
703 3139 798 3212 Fere
814 3163 928 3234 nsque
945 3141 990 3210 ad
1005 3163 1140 3212 annum
1156 3139 1201 3212 U.
1211 3139 1250 3210 C.
1262 3141 1304 3211 81
1315 3161 1348 3212 rr

260 3279 360 3350 Nero
375 3274 523 3368 flagitiis
535 3285 571 3346 et
585 3273 781 3346 sceleribus
795 3251 995 3370 velamenta
1011 3276 1232 3370 quaesiverat.
1258 3275 1345 3346 Tac.

162 3473 168 3484 .
220 3486 236 3510 ,ι
260 3409 354 3484 ann.
382 3409 439 3497 15,
462 3407 520 3500 47.
567 3407 624 3480 Eo
648 3409 729 3502 ipso
752 3420 936 3504 ternpore,
967 3433 1040 3505 quo
1060 3410 1138 3485 ineo
1158 3407 1350 3495 velamina,

127 3595 129 3600 -
262 3544 396 3616 sensim
416 3540 533 3616 levata
555 3554 591 3614 et
612 3543 795 3637 neglecta,
826 3565 895 3638 per
910 3543 1132 3622 monilestam
1147 3539 1349 3632 impuden-

206 3731 207 3736 ,
261 3679 349 3750 tiam
364 3677 507 3748 tandem
522 3678 659 3749 abiecta
674 3685 769 3766 sunt,
781 3677 911 3770 ‚Persii
926 3679 1033 3748 satira
1045 3675 1079 3746 t.
1093 3674 1237 3748 videtur
1251 3667 1362 3744 con-.

263 3815 407 3912 scripta.
449 3809 559 3884 Hinc.
582 3834 615 3883 v.
639 3815 691 3884 14.
717 3835 862 3884 summa
887 3811 1136 3908 nequidquam
1154 3807 1256 3904 pelle
1278 3809 1351 3877 de-

264 3971 379 4057 corus.
431 3946 524 4041 Quae
540 3947 681 4022 dicendi
704 3944 820 4040 figure
842 3971 888 4018 co
905 3947 974 4018 suit
992 3945 1030 4014 in
1044 3943 1229 4015 Neronem
1243 3965 1352 4016 mor-

264 4083 407 4172 dacior,
440 4085 539 4176 quod
560 4082 679 4188 nativa
700 4081 806 4176 pellis
827 4081 896 4178 ipsi
920 4073 1114 4168 indecora,
1133 4077 1352 4170 ‘corpusque

265 4215 486 4288 macuosum
509 4229 544 4290 et
568 4215 733 4307 foedum,
763 4219 908 4289 Sueten.
935 4217 994 4288 51.
1019 4226 1056 4288 et
1076 4215 1175 4310 quod
1198 4207 1353 4284 ridicule

266 4348 349 4420 satis
364 4347 491 4420 alienis
506 4335 719 4445 quibusdem
734 4350 935 4444 superbivit
948 4349 1103 4421 exuviis:
1126 4341 1352 4440 „Deprensis

267 4484 306 4554 in
318 4479 414 4555 lecto
426 4484 526 4556 eius‘⁴
541 4481 608 4554 &o
627 4485 780 4560 sueton.
800 4485 858 4555 55.
900 4485 958 4556 De
973 4482 1157 4576 blanditie,
1173 4503 1244 4578 quo
1257 4497 1353 4549 cau·-
1378 4489 1384 4496 ”
