2868 5200
242 337 288 401 io
698 350 814 401 enon.
847 353 900 398 ro.

244 611 281 678 et
291 607 514 692 Bremeusis,
530 607 617 674 item
634 605 715 677 edd.
726 604 945 692 Murmellii,
959 603 1108 702 Bondii,
1127 599 1332 674 wedderb.

243 714 374 833 post'v.
389 741 424 810 8.
449 711 615 808 inserunt
629 749 855 831 sequentem:
877 737 1042 835 „Corvus
1052 737 1132 830 quis
1142 735 1230 804 olim
1238 757 1337 833 eoq-

246 853 372 946 eurum
386 869 589 945 salutare?“
628 896 735 982 quem
756 875 884 986 merito
909 869 1336 965 snspeotrnnbmisimus.

249 1006 392 1078 Nostra
405 1006 534 1080 verbu:
558 1009 609 1078 ite
626 1007 729 1078 codd.
743 1007 864 1080 Hsun.
879 1031 915 1082 ι.
928 1029 960 1078 s.
972 1008 1005 1077 4.
1019 1008 1050 1076 5.
1061 1005 1095 1076 6.
1116 1028 1198 1076 oum
1211 1025 1339 1076 mem-

140 1211 145 1224 ,
180 1121 187 1134 ’
246 1141 370 1212 breuis
389 1111 536 1242 Vretisl.
563 1153 600 1212 et
613 1141 741 1233 Tigur.
755 1163 975 1234 pronomen,
1006 1141 1067 1212 cui
1083 1141 1137 1214 ris
1152 1137 1339 1212 sententiae

248 1273 358 1363 inest,
383 1287 649 1369 anteponentes.

328 1432 383 1480 ro.
410 1389 622 1506 lugeatque.
674 1389 900 1480 Membr'unae
914 1420 954 1480 et
964 1409 1140 1480 editiones
1154 1407 1341 1502 pleraeque

251 1542 472 1636 antiquiores
497 1543 616 1611 cresin
631 1539 850 1641 omiserunt,
886 1551 923 1609 et
948 1543 1096 1634 quidem
1116 1553 1237 1628 reete,
1269 1539 1343 1609 nisi

251 1673 389 1744 fallitur
412 1673 617 1761 Bensseius,
659 1673 722 1766 qui
743 1675 790 1744 sd
815 1673 965 1746 Terent
988 1671 1107 1764 Andr.
1128 1697 1169 1764 2,
1207 1697 1245 1761 r,
1283 1695 1341 1742 ιο.

253 1811 369 1897 docet,
391 1808 570 1902 genitivos
587 1807 890 1891 substantivorum
913 1807 953 1878 in
968 1829 1011 1879 us
1030 1819 1066 1878 et
1081 1809 1139 1884 ius
1149 1807 1344 1902 perisim-

253 1943 339 2036 plex
347 1965 534 2038 expressos
547 1943 659 2013 fuisse
672 1967 694 2012 s
706 1943 941 2036 scriptoribus
955 1953 1038 2016 ente
1048 1942 1249 2038 Augustum
1259 1965 1345 2010 onr-

200 2143 206 2156 ,
255 2075 374 2164 nibus,
398 2085 549 2167 excepto
565 2075 717 2164 Ovidio,
743 2049 919 2149 sermonis
935 2089 1122 2168 novatore,
1137 2078 1201 2172 qui
1217 2076 1346 2148 ceteris

183 2255 190 2283 r
255 2209 487 2302 sequentibus
503 2207 843 2300 duplexiadhibuit.
881 2211 1058 2318 Exempla
1070 2222 1192 2284 tamen
1205 2220 1349 2283 exstant

258 2341 415 2436 genitivi,
425 2343 453 2412 ii
475 2311 699 2434 Augusteum
721 2369 844 2418 mrum
861 2345 1087 2416 excedentia:
1119 2345 1349 2436 Enniiapud

259 2476 424 2556 Servirun
440 2475 607 2568 ed‘Virg.
624 2479 706 2550 AEn.
725 2470 877 2572 6‚'219.
917 2477 1112 2570 Terquinii
1127 2499 1260 2573 eorpus
1276 2471 1345 2544 &e

261 2615 297 2678 et
316 2609 463 2684 Luoret
486 2608 530 2700 6,
554 2611 636 2696 743.
688 2609 847 2706 Remigii
870 2609 971 2706 qbliti
992 2633 1195 2704 pennarum
1216 2605 1284 2694 tim.
1312 2621 1350 2680 st
1388 2711 1391 2720 .

261 2742 365 2812 illum
379 2767 526 2823 versum
539 2743 703 2818 Donatus
718 2747 765 2818 ed
778 2747 928 2817 Terent.
943 2745 1080 2839 Hecyr.
1101 2767 1139 2836 r,
1154 2767 1195 2834 2,
1218 2745 1277 2816 60.
1298 2744 1350 2814 its

264 2878 401 2950 citanti
429 2877 526 2950 Exin
539 2851 798 2973 Tarquinium,
826 2857 924 2954 hune
937 2881 985 2952 K.
1000 2868 1043 2952 L.
1057 2881 1206 2968 struve,
1227 2879 1350 2976 Ueber

264 3011 389 3089 dielet.
401 3011 892 3109 Deol.u.00nj.Regiomont.
913 3017 1016 3088 1u25.
1032 3038 1068 3108 p.
1081 3017 1136 3087 15.
1159 3013 1351 3109 legendum

266 3145 495 3219 coniectavit:
527 3145 736 3240 Remigium
747 3143 816 3221 &o
840 3150 884 3222 cs.
901 3153 947 3222 K.
964 3149 1007 3222 L.
1023 3150 1231 3236 Schneider,
1252 3147 1351 3219 For-

266 3277 453 3350 menlehre
506 3279 598 3350 der.
623 3275 683 3352 let
724 3283 903 3375 Spreche,
978 3305 1016 3376 p.
1052 3287 1099 3376 59
1143 3309 1194 3377 sq.
1292 3281 1351 3351 De

58 3410 62 3420 '
152 3463 155 3470 .
266 3407 426 3478 mirabili
460 3415 682 3504 paupertatis
717 3417 882 3511 iugenio,
902 3419 1014 3492 multe
1053 3417 1166 3488 tacete
1200 3417 1293 3488 diota
1330 3437 1351 3482 e

269 3543 417 3624 clessios,
425 3545 1352 3642 antiquitateudingeniosumbuuclocumiliustran-

270 3679 358 3750 dum
371 3689 544 3772 promunt
557 3681 784 3774 interpretes,
808 3687 845 3756 in
863 3675 990 3778 primis
1003 3684 1248 3770 casaubonus,
1269 3683 1353 3776 qui-

271 3813 339 3882 bus
350 3815 442 3886 adde
453 3815 501 3883 sis
514 3811 604 3885 illud
613 3813 827 3894 Heliodori:
852 3833 951 3904 tuem
964 3829 1017 3899 ἄρα
1033 3827 1071 3890 te
1085 3827 1235 3900 torquere
1246 3826 1353 3902 ᾰνψχη,

273 3910 639 4040 etXeuopbonteunb:
656 3981 736 4037 οοφκ
753 3939 986 4033 diruemus,
1000 3950 1087 4018 item
1095 3947 1270 4058 Petronii,
1285 3947 1353 4018 sule

274 4101 459 4170 aspersum
467 4085 656 4155 Persiano:
683 4049 1094 4178 „ingeniosuguisest.“
1122 4082 1220 4155 Nam
1227 4081 1353 4172 gulam,

275 4211 462 4288 delicatam
486 4217 703 4309 ingluviem,
738 4243 812 4289 non
835 4219 966 4289 samem
988 4219 1022 4289 h.
1045 4219 1068 4288 1.
1093 4215 1229 4304 notsri,
1267 4215 1353 4298 bene

210 4351 218 4370 '
273 4346 476 4423 observavit
501 4348 689 4444 uerutus,
714 4352 862 4430 severs.
881 4377 922 4446 q,
948 4357 1029 4428 23,
