2938 5208
411 391 414 398 ’
519 431 613 486 sur.
638 433 708 501 vn,
734 413 863 484 sess
1171 420 1243 488 555
1276 390 1280 398 ¹

153 697 222 758 tur.
237 715 241 722 ·
274 685 418 780 Koeuig
440 697 477 760 et
499 687 690 772 Arhsintre
713 685 945 764 hononorem
963 710 1031 782 pro
1047 692 1159 762 verbo
1175 717 1242 768 su·-

151 831 309 908 mentes,
341 805 579 892 heieditotem
601 823 786 927 supplent,
819 823 937 914 quod,
969 823 1039 895 nisi
1061 823 1241 898 heredites

148 935 387 1046 piaecesserit,
403 955 447 1025 eb
464 979 531 1024 usu
547 954 682 1048 linguon¹
696 931 834 1026 Latifrae
851 955 1006 1026 alienum
1024 971 1084 1026 est.
1124 957 1240 1028 Uter-

150 1111 221 1180 que
238 1089 651 1182 etiemproxiuraheredi
662 1091 803 1160 tribuit:
830 1088 1019 1168 richeintre
1036 1091 1103 1164 ito:
1118 1075 1239 1182 „Ager

149 1231 253 1308 tuus,
277 1221 333 1294 his
356 1223 525 1314 impensis
546 1233 582 1292 et
612 1219 859 1314 largitionibus
880 1225 1265 1315 exoratorem-1

147 1355 305 1442 haustus,
321 1377 436 1448 prope
453 1357 500 1426 ed
514 1355 667 1428 nihilum
681 1356 844 1428 reductus
860 1359 947 1446 est,“
963 1379 1035 1450 quo
1050 1327 1238 1426 tecus'ob-

146 1491 290 1559 scurior
304 1489 489 1578 redditur;
514 1489 658 1582 Koenig
683 1489 778 1560 hunc
802 1490 840 1559 in
856 1489 1026 1562 modroni
1056 1492 1153 1582 „Sub
1169 1491 1237 1564 hee

145 1621 362 1710 soriditione,
388 1633 427 1695 ut
442 1643 566 1698 omnes
582 1633 658 1716 tues
676 1613 902 1715 profusiones
917 1647 1022 1717 aequo
1038 1625 1236 1697 erinste-
1277 1617 1279 1620 ⁵

144 1779 243 1844 ram,
266 1751 501 1836 hereditatem
520 1765 619 1830 tuens
635 1759 747 1836 ‚edire
772 1756 879 1850 nolo;
904 1757 1002 1828 adest
1023 1757 1120 1832 enim
1146 1779 1234 1850 ager

142 1889 258 1980 probe
274 1889 403 1979 oritus,
421 1889 467 1963 ed
482 1889 563 1962 vttoe
579 1891 804 1962 necessitates
821 1891 909 1962 mihi
926 1890 1125 1982 sufficiens3
1149 1914 1235 1960 mu-

141 2021 253 2092 nieris
276 2023 353 2096 s'ne
375 2023 529 2110 insede,
569 2025 632 2118 qni
655 2023 790 2096 iudicio
811 2035 875 2096 tuo
895 2024 1039 2118 generis
1061 2022 1233 2116 dignitate

141 2157 394 2245 respondeat.“
446 2157 626 2246 Orellius,
659 2157 800 2252 sulgeta
831 2145 1058 2232 distinctionis
1082 2164 1232 2242 servata,

137 2285 314 2362 heredem
332 2291 416 2362 tacit
434 2292 593 2366 timidius
610 2315 651 2364 ec
668 2293 843 2363 submisse
856 2292 968 2366 veluti
978 2316 1064 2362 roee
1071 2311 1231 2381 respen-
1247 2291 1254 2300 ”

134 2419 246 2491 dere:
272 2424 502 2522 „neutiquam
521 2419 734 2517 prohibeo.“
779 2426 941 2498 Bondius
957 2434 992 2496 et
1005 2423 1164 2496 Montius
1181 2423 1231 2492 its
1289 2427 1295 2442 '

130 2577 280 2626 sernum
300 2557 497 2648 explicent:
525 2557 627 2642 „Non
646 2559 756 2644 adeo,
780 2559 1145 2672 inquispexossstun
1170 2553 1230 2624 ls-

130 2687 282 2779 pidibns
299 2703 517 2782 expurgatus
534 2699 569 2758 ot
586 2688 699 2778 probe
714 2687 831 2756 cultus
850 2699 902 2758 est
917 2685 1052 2778 agellus
1070 2697 1164 2770 tuus,
1189 2698 1230 2756 nt

135 2820 212 2890 sine
221 2819 442 2912 profusionis
459 2819 610 2890 crimine
627 2819 776 2910 epulum
792 2843 856 2890 seu
873 2801 1144 2894 ¹uiscerationem
1154 2841 1251 2910 pop

135 2951 224 3046 pulo
237 2951 353 3046 possis
371 2953 573 3044 proebere.“
599 2949 751 3038 Weber,
768 2949 958 3022 oontereos
971 2951 1115 3022 Terent.
1133 2949 1223 3024 And.

136 3109 171 3172 2,
184 3087 220 3172 6,
229 3109 261 3180 9.
279 3109 375 3174 „non
392 3087 504 3158 edeo“
521 3085 693 3178 proponit
706 3085 934 3156 vertendum:
963 3085 1025 3156 des
1043 3107 1118 3156 nun
1134 3083 1226 3156 eben

133 3217 251 3308 nieht,
276 3243 305 3288 s.
324 3245 408 3307 „res
424 3223 519 3292 iuter
536 3245 601 3292 nos
618 3241 692 3292 non
706 3243 751 3306 eo
766 3217 873 3308 redit,
899 3227 937 3288 nt
952 3231 986 3288 te
1002 3183 1240 3310 protritr'enn„

134 3377 350 3448 qnsmqusnu
366 3377 440 3426 uon
458 3355 629 3446 prebens,
655 3365 732 3426 tuas
749 3365 818 3424 ate
830 3354 1074 3446 possessiones
1088 3351 1223 3426 misere

131 3489 341 3582 profundi.“
390 3487 514 3562 Addit:
542 3489 657 3579 „Horo
678 3501 761 3584 epta
783 3489 945 3560 moribus
971 3487 1090 3560 sveri:
1116 3487 1183 3556 etsi
1200 3507 1225 3556 s.

131 3623 259 3694 Persio
280 3625 445 3698 incitatus
461 3635 533 3710 est,
558 3633 616 3711 ut,
641 3625 728 3718 qnid
752 3623 797 3694 de
822 3647 866 3694 eu
889 3647 929 3700 re
951 3621 1099 3706 sentiat,
1123 3621 1220 3690 clare

24 3849 26 3854 Ι
131 3755 342 3848 eloquetur,
359 3769 484 3832 tumen
499 3757 538 3826 id
553 3757 678 3844 evitet,
703 3769 739 3826 et
762 3781 806 3826 ne
816 3809 830 3844 ,
853 3757 883 3826 si
907 3755 994 3849 quid
1008 3749 1219 3849 siusiuscnti

98 3911 103 3926 ·
131 3875 242 3976 dicet,
271 3890 503 3964 hereditatem
526 3893 680 3976 emittat,
706 3891 828 3962 timide
851 3887 1136 3982 respondentur
1157 3897 1217 3956 tn-

129 4047 239 4108 men,
259 4037 298 4094 ut
320 4026 494 4096 sententio
516 4026 577 4096 ille
596 4025 795 4117 supplendo
819 4047 840 4092 e
864 4023 982 4098 serbis
1005 4019 1110 4094 sueile
1134 4000 1216 4092 siiei

127 4161 249 4250 possit.
302 4158 446 4230 Persius
471 4169 615 4244 contro,
637 4160 699 4252 qni
721 4159 798 4230 eius
823 4159 988 4250 ambages
1010 4169 1046 4228 et
1061 4155 1215 4232 diroru-

128 4291 206 4360 cuin
231 4294 403 4362 ‹natioois
425 4263 696 4380 aoirrndverur,
736 4291 823 4364 nteit
849 4292 962 4387 magis
989 4295 1214 4364 cruciaturus

127 4421 300 4514 esurum,
335 4427 392 4498 sne
417 4404 495 4500 ribi‘
512 4427 570 4500 his
595 4429 764 4523 impensis
787 4427 876 4502 nihil
903 4451 1111 4524 superesse,
1143 4407 1217 4498 niis
1277 4497 1289 4508 ,
