2984 5204
281 393 354 462 410
484 372 489 382 ’
648 377 980 481 sl'r.v.,76.77.
1038 365 1044 374 ’
1098 481 1102 492 ι
1156 363 1161 390 ’

262 667 374 737 ¹unde
387 663 465 737 hec
481 663 637 742 tonnus
652 662 941 764 manumissionis
957 665 1053 760 apud
1061 665 1243 740 Plautum:
1269 669 1361 758 „Li-

156 851 162 862 ι
278 801 345 874 ber
361 808 448 888 esto,
473 807 580 892 atque
594 795 690 866 abito
706 821 779 889 quo
794 796 928 886 voles,“
945 812 997 874 est
1012 782 1237 894 quesnois.
1261 801 1359 872 Box-

276 934 398 1009 hornii
429 931 468 1002 in
491 930 758 1022 Quoestionibus
785 929 969 1004 Romanis.
995 999 1001 1016 ,
1028 933 1107 1006 Hic
1138 897 1357 1026 Damagdm.

275 1069 332 1142 En
362 1089 441 1138 rem
468 1063 680 1136 ridiculam!
733 1063 794 1146 hic
818 1067 935 1152 Dama
956 1069 1147 1140 vilissimus
1167 1078 1220 1140 est
1242 1090 1359 1160 agaso,

275 1200 450 1290 insulsus,
484 1199 647 1292 stupidus
669 1198 758 1270 etin
775 1201 883 1274 rebus
899 1201 934 1272 oi
950 1202 1147 1274 commissis
1162 1199 1218 1277 vel
1234 1173 1358 1275 minu-

274 1335 418 1409 tissimis
433 1333 603 1406 mendax:
634 1333 667 1402 si
687 1333 853 1406 dominus
874 1358 958 1406 cum
975 1336 1150 1430 vertigine
1173 1338 1357 1408 manumi-

273 1470 379 1556 serit,
404 1491 425 1540 e
448 1467 597 1560 vestigio
619 1463 712 1538 liber
728 1467 819 1556 exit,
844 1469 1069 1562 praenomine
1085 1473 1229 1564 patroni
1245 1495 1357 1544 orna-

272 1613 340 1673 tus.
391 1599 543 1703 Domo,
566 1623 698 1673 nomen
719 1601 863 1676 servile.
879 1601 1076 1674 -Hocffsaa
1098 1627 1132 1692 1,
1146 1603 1180 1692 6,
1198 1605 1254 1675 58.
1276 1627 1309 1692 a,
1322 1605 1356 1692 5,

223 1757 226 1764 '
277 1739 333 1808 18.
360 1757 394 1824 a,
412 1758 446 1827 7,
463 1735 521 1806 54.
572 1735 737 1826 „Nomen
762 1737 859 1828 apud
880 1737 1077 1810 Horatium
1101 1723 1262 1808 libertini
1282 1735 1355 1808 ho-
1458 1786 1462 1849 3

271 1872 398 1959 minis,
431 1867 551 1964 quales
574 1867 677 1940 multi
702 1871 748 1940 ad
770 1893 859 1962 opes
881 1871 1159 1964 perveniebant,
1197 1873 1263 1942 etsi
1284 1896 1353 1966 pro

271 2005 450 2078 vilissimis
478 2014 514 2075 et
536 2003 791 2076 sordidissimis
817 2028 964 2100 semper
984 2005 1215 2078 habebantur.
1274 2005 1355 2078 Ad·

212 2215 215 2224 !
255 2139 424 2210 'scribam
439 2139 584 2210 senece
596 2137 725 2211 verba:
739 2139 851 2236 „Idem
866 2163 925 2210 res
941 2141 1081 2215 dicebat
1095 2141 1255 2212 omnium
1269 2165 1354 2211 sor-

266 2271 489 2358 didissimas,
513 2283 652 2344 acetum
675 2281 712 2342 et
732 2269 894 2364 puleium
915 2276 1115 2345 etDamam
1132 2273 1354 2346 etPhilero-

267 2415 327 2476 ten
343 2401 436 2476 &o.“
472 2405 633 2476 Turneb.
651 2402 739 2478 Adv.
756 2405 793 2493 6,
809 2409 841 2478 4.
892 2403 1020 2501 Agoso
1036 2406 1199 2478 minister
1211 2410 1355 2501 ineptus

265 2537 399 2610 dicitur
414 2560 481 2630 per
497 2539 745 2632 opprobrium.
771 2538 862 2610 Hor.
879 2539 949 2610 Sat.
968 2559 1002 2627 a,
1019 2539 1052 2628 8,
1070 2561 1126 2631 72.
1149 2551 1185 2610 et
1199 2541 1355 2628 'tressis,
1466 2519 1467 2522 Ἴ

265 2671 432 2745 utribus
463 2673 618 2762 assibus,
663 2675 798 2748 intimae
834 2673 1045 2748 conditionis
1072 2697 1216 2748 servum
1240 2681 1361 2746 notat:

263 2807 397 2880 Domo
421 2831 493 2880 non
520 2808 646 2880 tressis
671 2833 788 2904 agaso
812 2807 1081 2902 accipiendum,
1105 2819 1146 2880 ut
1167 2807 1257 2880 illud
1269 2807 1352 2880 Va-

236 2915 241 2935 *
262 2943 343 3012 tinii
358 2941 405 3014 ad
420 2941 493 3012 Cic.
509 2945 608 3014 Fam.
628 2949 663 3030 5,
681 2965 734 3014 ιο.
761 2943 917 3031 „Simius
940 2966 1012 3014 non
1031 2943 1189 3014 semissis
1204 2941 1350 3013 laomo.“

177 3148 180 3165 ,
262 3075 362 3148 Hinc
383 3099 456 3148 non
482 3075 607 3150 leviter
629 3102 691 3148 eos
718 3059 866 3167 errare,
899 3078 961 3172 qui
984 3075 1041 3146 his
1063 3075 1152 3146 locis
1174 3075 1295 3146 tressis
1315 3085 1350 3144 ct

261 3210 413 3280 semissis
437 3209 607 3282 adiectiva
622 3235 699 3284 esse
713 3225 858 3306 putent,
883 3235 924 3283 no
937 3221 1133 3306 propterea
1146 3211 1184 3280 iu
1199 3232 1349 3297 accusa—

262 3341 336 3414 tivo
353 3341 423 3410 dici
439 3365 542 3432 posse
562 3317 756 3416 hominem¹
771 3359 921 3416 tressem
945 3355 1007 3414 aut
1026 3344 1227 3430 semissem,
1265 3365 1347 3412 cum

260 3499 333 3548 non
356 3471 460 3544 aliter
484 3486 640 3570 utroque
667 3479 749 3550 loco
770 3479 928 3567 dicatur,
959 3503 1066 3573 quam
1088 3479 1127 3548 in
1146 3476 1208 3548 illo
1228 3475 1365 3552 Plauti.

259 3611 365 3682 Poon.
395 3632 426 3696 1,
453 3631 485 3696 2,
514 3609 592 3680 168.
631 3615 737 3700 „Non
753 3637 820 3705 ego
832 3613 941 3685 homo
954 3611 1104 3684 trioboli
1121 3613 1231 3698 sum‚“
1242 3609 1347 3687 hene

196 3780 200 3788 ·
259 3743 458 3818 observavit
473 3743 543 3816 Th.
565 3745 840 3820 Ruddimannus
856 3750 966 3820 Iustit
983 3739 1110 3820 Gr'am.
1125 3747 1201 3818 Lat.
1218 3744 1275 3816 ed.
1293 3744 1342 3818 G.

256 3876 459 3953 Stallbaum.
477 3881 504 3950 1.
522 3903 556 3972 p.
575 3901 633 3968 27.
649 3881 693 3952 cf.
711 3881 939 3958 Gronovium
955 3883 1000 3954 de
1015 3885 1146 3954 Pecun.
1165 3878 1246 3952 Vel„
1268 3879 1346 3968 1,8.

259 4010 302 4082 V
296 4037 403 4108 appa
416 4013 539 4086 itidem
558 4017 604 4086 de
616 4015 765 4088 homine
779 4041 946 4112 nequam.
971 4017 1064 4106 Hor.
1082 4015 1153 4086 Sat.
1176 4039 1207 4103 1,
1220 4039 1251 4102 1,
1264 4013 1344 4084 104.

143 4215 179 4238 ‚x
261 4163 417 4230 1,2,12.
468 4150 633 4235 „Vitium
653 4165 770 4248 musto
785 4153 1005 4248 ¹quibusdum
1022 4152 1061 4220 in
1076 4148 1185 4236 locis,
1210 4151 1345 4220 iterum

255 4287 382 4370 sponte
405 4279 568 4371 fervere,
602 4309 674 4378 qua
692 4285 909 4376 calamitate,
942 4309 1024 4356 cum
1047 4283 1247 4370 deferbuit,
1273 4284 1344 4354 de-

255 4411 349 4508 perit
363 4393 471 4503 sapor
480 4437 687 4512 vappoequc
702 4421 982 4515 accipilnomen,
998 4419 1219 4514 probrosum
1234 4419 1347 4492 etiam
