3046 5206
1207 141 1224 186 Ι

491 423 495 439 ·
583 405 670 460 sAT.
691 407 748 474 v;‚
774 389 846 458 δα·
936 393 942 408 “
1174 395 1245 468 585

758 533 1249 594 ⁸²*·············.·······

159 663 229 736 Od.
248 685 265 732 s
271 663 353 751 ,56,
362 664 396 734 8.
421 655 491 734 Sat.
506 664 675 750 1‚t,118.
702 661 1079 756 statuissemus.-
1099 671 1248 774 Suetpu.

155 797 247 890 ilug.
264 799 342 889 44.)
357 797 528 885 doceant,
554 797 718 870 custodes
733 801 858 892 pueris
875 800 1093 878 deducendis
1109 813 1146 876 et
1161 827 1246 876 ser-

127 897 131 910 ·
157 931 282 1004 ranffls
295 931 486 1026 praefectos
509 933 636 1022 fuisse,
659 933 834 1028 proponit
852 934 1070 1029 legendum:
1123 935 1247 1024 Quum
1320 983 1329 998 ·

151 1066 318 1162 primum
326 1066 469 1163 pauido
483 1077 616 1158 custos,
639 1089 750 1161 quum
760 1089 935 1162 purpura
951 1071 1068 1144 cessit.
1104 1071 1247 1148 Verum

157 1201 321 1312 quemvis
344 1213 519 1297 praetexta
537 1223 674 1294 pueros
694 1201 733 1270 in
763 1211 861 1272 tanta
882 1227 1026 1282 morum
1049 1208 1245 1299 petulantia

156 1338 338 1408 nonsatis
361 1345 545 1422 tueretur,
578 1333 661 1404 iude
684 1357 757 1404 non
781 1337 962 1432 sequitur,
995 1339 1142 1412 eanihil
1158 1365 1243 1412 orn-

40 1510 43 1519 ·
157 1469 244 1542 nino
260 1450 427 1542 ellectum
442 1467 564 1540 fuisse
590 1465 666 1538 Noc
684 1467 813 1539 additis
828 1473 1034 1544 custodibus
1044 1440 1149 1567 pueri
1162 1475 1247 1544 satis

157 1605 224 1675 tuti
239 1615 351 1691 erunt.
390 1605 471 1678 Hos
490 1603 547 1678 vel
561 1627 596 1676 vr
586 1597 667 1674 vel
682 1601 836 1694 pecunie
852 1627 1123 1702 nonnumquam
1138 1629 1246 1678 arno-

157 1737 288 1814 vebant
301 1739 495 1841 impudici,
520 1737 584 1832 qut
598 1747 684 1807 tunc
700 1735 738 1806 in
754 1733 834 1806 iure
851 1739 1018 1830 Romano
1033 1739 1245 1814 dicebantur

156 1858 370 1960 „abduxisse
393 1867 580 1947 comitssf‘
610 1867 755 1963 Ulpiau.
782 1867 805 1938 l.
827 1871 883 1946 15.
908 1866 930 1964 §
949 1893 1003 1966 17.
1025 1875 1079 1946 18.
1104 1875 1151 1946 D.
1166 1873 1243 1948 int

156 2007 266 2098 Quod
290 2011 336 2080 ad
360 2007 485 2080 citatos
515 2005 712 2099 scriptores
746 2004 890 2094 attinet,
940 2005 1203 2108 Quinctilianus
1224 2035 1246 2080 a

155 2143 275 2214 Persii
290 2151 481 2248 aetatenon
497 2145 636 2214 tantum
651 2138 784 2228 obfuit,
808 2148 849 2210 ut
861 2137 957 2208 illius
971 2141 1038 2214 aevi
1055 2131 1246 2236 opiniones

126 2353 138 2384 ν
155 2275 363 2368 ignoraret3
397 2285 432 2346 ct
447 2275 480 2348 si
493 2275 705 2368 Propiorcm
722 2273 922 2360 desideras,
946 2295 1185 2364 provocamus
1199 2278 1246 2348 ad

153 2407 314 2480 Plinium
335 2407 530 2494 maiorem,
564 2407 626 2502 qui
649 2407 697 2478 H.
721 2407 765 2479 N.
791 2431 826 2517 p,
851 2405 907 2478 56.
934 2429 1136 2502 purpuram
1158 2413 1247 2482 dicit

151 2565 247 2636 „pro
263 2541 447 2617 maiestate
462 2541 630 2638 puerities
646 2565 743 2629 esse,
768 2541 848 2612 Diis
867 2541 1034 2616 advocari
1049 2543 1248 2638 placandis·

44 2735 53 2748 .
153 2699 371 2770 omnemque
387 2687 523 2750 vestem
540 2675 780 2746 illtuninure.“
805 2675 1030 2768 Singulorum
1047 2674 1163 2746 saltim
1179 2701 1247 2760 re==¹
1372 2725 1378 2740 .

152 2793 354 2882 verentium
362 2819 546 2900 praetextae
555 2807 758 2878 debuerunt
770 2807 849 2898 ipsi,
867 2809 981 2900 quiec
997 2809 1114 2904 ornati
1131 2820 1247 2901 erem,

154 2943 196 3014 id
222 2943 320 3037 quod
342 2941 504 3038 indicant
526 2937 637 3012 rerba
661 2939 839 3014 Iuvenalis
868 2965 923 3026 tt,
944 2942 1032 3012 154:
1070 2941 1247 3038 „ingenui
1379 2913 1382 2924 Ι

154 3077 275 3151 vultus
297 3097 411 3168 puer,
435 3071 653 3168 ingenuique
677 3056 847 3166 pudoiis,
872 3073 1008 3166 Quales
1029 3097 1107 3149 esse
1133 3079 1247 3164 decet,
1294 3130 1298 3141 .

155 3231 248 3302 quos
266 3209 396 3280 ardens
410 3227 577 3300 purpura
589 3205 694 3280 vestit
703 3207 745 3300 ;“
768 3217 804 3278 et
818 3207 936 3298 Festi,
962 3231 1043 3282 cnm
1059 3223 1247 3306 ,jpraetex-

155 3354 270 3417 tatnm
283 3343 511 3424 sermonem“
528 3337 578 3412 ait
589 3350 730 3416 veteres
747 3341 879 3414 dixisse
894 3345 938 3434 ab
955 3369 1012 3436 eo,
1032 3349 1128 3440 quod
1141 3369 1246 3442 pree-

82 3573 87 3584 ·
156 3479 299 3552 certetis
319 3477 420 3550 nefas
442 3487 555 3567 esset,
580 3474 735 3550 obsceno
756 3477 871 3552 sorbo
885 3479 948 3551 uti.
966 3479 1009 3552 os.
1028 3481 1193 3576 Pmpert
1210 3483 1246 3567 5,

161 3613 218 3701 tls,
246 3615 279 3686 5.
307 3613 448 3689 Verum
477 3613 574 3688 illam
608 3589 654 3686 de
680 3623 853 3708 praetexta
881 3615 1090 3710 opinionem
1103 3618 1141 3702 i)
1169 3636 1246 3688 non

160 3783 454 3806 Ἤ

181 3905 213 3990 Ι’)
244 3912 295 3972 Ad
311 3912 529 3994 questionem,
550 3912 643 3976 ituius
664 3913 727 3976 loci
753 3915 913 3978 occasione
927 3925 1044 3993 orum,
1074 3933 1137 3996 qtto
1151 3913 1247 3979 cutis

240 4033 323 4078 anno
352 4027 504 4096 pretextu
531 4019 764 4098 deponeretur?
806 4019 1013 4083 conferendus
1034 4017 1247 4083 Tertullianus

240 4121 625 4204 dchlandisVirpinibus
640 4141 668 4186 c.
684 4141 730 4198 rt,
747 4133 779 4183 et
794 4121 955 4184 chnima
970 4146 999 4186 c.
1014 4119 1065 4197 58.
1081 4125 1156 4186 item
1173 4127 1245 4186 Ma-

240 4223 328 4300 crob,
344 4225 472 4296 Saturn.
493 4241 520 4304 7,
538 4251 565 4308 7.
579 4237 612 4288 ct
626 4226 732 4290 Soron.
748 4224 831 4305 Scip.
854 4245 879 4302 r,
891 4225 921 4288 6.
943 4227 996 4307 qui
1011 4227 1157 4310 doceant,
1175 4229 1247 4293 iure

240 4327 368 4407 publico
392 4339 534 4406 quartum
561 4331 716 4394 decimum
741 4331 775 4392 in
800 4349 898 4410 puero
919 4329 1050 4400 definire
1072 4335 1246 4418 pubertatis

122 4423 126 4434 ’
241 4441 372 4496 atatem.
421 4433 532 4500 sanxit
563 4431 647 4500 idem
676 4432 831 4503 institutio
859 4433 1024 4498 liutiuiani
1049 4439 1099 4504 isis
1123 4441 1255 4506 verbisc

428 4553 430 4560 ·
1009 4525 1049 4586 25
