3046 5206
218 763 332 834 nentis
348 759 479 852 patinis
502 760 564 834 vix
580 757 753 855 amquam
768 759 880 834 deest.
931 761 1003 832 Sed
1016 736 1179 854 tempore
1195 761 1311 838 Persii

203 897 329 996 ¹piper
352 916 479 967 verum
497 895 661 968 haslioum
678 894 802 988 magni
814 892 975 982 venibat,
999 896 1187 988 „pondere
1209 920 1311 970 eme-

219 1031 346 1117 batur,
386 1039 427 1100 ut
448 1051 578 1105 eurum
597 1025 657 1104 rel
678 1031 912 1124 argentum.“·
925 1029 1016 1102 Plin.
1038 1029 1089 1104 Η.
1115 1030 1160 1106 Ν.
1194 1056 1251 1122 aa,
1274 1059 1310 1128 7.

218 1164 363 1258 Piperis
377 1153 549 1237 arborem
567 1163 639 1236 iarn
653 1163 800 1257 quidem
816 1161 918 1236 Italia
935 1161 1080 1256 hahuit,
1103 1167 1168 1238 sed
1188 1169 1309 1242 Indica

221 1299 399 1374 viliorem.
427 1295 589 1386 „Deerat
602 1303 694 1368 tosta
708 1293 771 1368 illa
783 1299 988 1385 maturitas,
1013 1299 1168 1391 ideoque
1188 1311 1226 1372 et
1240 1325 1310 1372 ru·-
1424 1312 1430 1328 '

218 1453 348 1528 garum
361 1425 568 1526 colorisque
576 1429 811 1502 sirnilitndo.“
822 1429 914 1504 Ptin.
930 1431 1015 1505 ibid.
1038 1431 1310 1511 Notattennitas

218 1567 437 1657 munusculi,
462 1567 493 1638 si
513 1587 589 1638 non
610 1563 797 1656 clientis,*)
822 1575 923 1644 certe
938 1567 1091 1658 patroni
1112 1571 1308 1645 avaritiam.

219 1703 388 1797 Quodnd
401 1701 662 1794 reprehensam
677 1711 920 1794 patronorum
930 1686 1162 1794 cupiditatem
1173 1705 1309 1794 attinn,
1351 1672 1353 1683 ³

216 1837 506 1924 observandam,
530 1833 611 1927 lege
626 1831 751 1908 cincta
766 1829 808 1908 Α.
819 1835 872 1924 U.
889 1836 930 1906 C.
950 1836 1033 1931 549.
1048 1837 1120 1910 iam
1132 1841 1309 1914 saneimm

213 1969 340 2058 inisse,
353 1993 402 2043 ne
417 1969 500 2066 quis
515 1969 562 2040 ob
574 1991 736 2046 causum
743 1971 918 2045 orandam
926 1971 1117 2064 paeoniam
1127 1972 1309 2054 donumve

214 2099 1309 2202 acciperet,Tae.Ano11,5.qmmmaqmnmetoontemptn
1372 2087 1380 2108 ⁸

216 2261 428 2330 oppressam
447 2237 647 2330 Augustum
668 2233 885 2328 annonae,
915 2241 1312 2330 Diocaesarea&

214 2373 328 2446 tradit
339 2373 396 2446 his
412 2373 555 2466 sarbiae
574 2372 776 2462 „Oratores
789 2373 906 2462 insat,
921 2355 1025 2451 nullo
1040 2386 1188 2468 accepto
1202 2401 1306 2470 prae·
1398 2457 1402 2480 Ι

212 2508 289 2584 saio
312 2529 424 2603 agere
444 2515 605 2591 (ἀμαθῆ
628 2515 915 2592 immolandi
939 2510 1003 2604 qui
1026 2509 1130 2582 senus
1151 2509 1306 2599 fecisset,

212 2665 296 2716 eum
313 2647 555 2738 quadruplum
569 2656 724 2738 aoeeptae
734 2645 913 2720 mercedis
928 2643 1123 2734 pendere.“
1146 2643 1180 2714 N
1183 2667 1231 2712 on
1242 2644 1307 2714 din

213 2786 334 2844 tamen
350 2777 411 2846 illo
424 2777 561 2847 sanctio
576 2777 748 2870 ohtinuit3
777 2775 844 2848 sed
857 2775 932 2844 iam
943 2774 1085 2844 Claudii
1097 2783 1202 2848 aetate
1215 2799 1306 2846 eau-

214 2919 313 2994 tnm,
339 2931 385 2978 ns
399 2907 517 2980 saltim
530 2905 626 2978 rrltra
644 2910 738 2978 dena
752 2900 933 2994 sestertii,
964 2905 1178 2981 avonemo
1194 2909 1307 2982 millia

215 3065 417 3129 nummum,
431 3064 500 3133 pro
514 3063 640 3114 caussa
652 3043 791 3134 agenda
806 3062 958 3134 poscere
974 3039 1112 3128 liceret,
1127 3040 1164 3112 h.
1183 3067 1215 3112 e.
1229 3035 1306 3113 non

215 3179 312 3248 ultra
333 3199 463 3246 aureos
491 3199 577 3264 100,
613 3199 770 3270 qnorum
792 3172 924 3270 singuli
946 3176 992 3245 25
1019 3175 1207 3248 drachmas
1227 3177 1304 3252 sive
1421 3173 1424 3182 ¹

216 3311 385 3412 denarios
400 3309 612 3401 conficiunt,
637 3309 694 3384 vel
710 3335 784 3382 non
800 3311 895 3382 ultre
908 3307 1066 3382 thaleros
1083 3312 1192 3402 irai.
1218 3311 1301 3388 Vid.
1353 3281 1356 3296 Ι

212 3446 289 3564 obs.
305 3447 351 3518 sd
365 3445 485 3518 locum
499 3424 647 3538 Dionis,
672 3446 727 3520 ed
746 3446 920 3520 Reimari.

283 3741 327 3811 77
338 3755 362 3769 -
372 3719 430 3809 87.
460 3723 464 3732 '
480 3717 750 3811 Philosophiam
765 3743 849 3790 suos
865 3743 990 3791 osores
1006 3717 1143 3793 habere
1158 3715 1195 3784 e't
1210 3715 1302 3784 irri-

215 3874 337 3936 sores,
362 3875 437 3920 non
459 3851 659 3922 dissimulat
674 3851 823 3942 Noster,
849 3875 1048 3942 eorumque
1073 3849 1302 3937 obiectiones‚
1348 3889 1352 3904 ·

213 4007 262 4056 ne
276 3981 519 4056 adolescentes
528 3985 753 4057 offenderent
766 3986 973 4079 imparatos,
989 3995 1025 4056 et
1039 3983 1084 4052 iis
1100 3981 1300 4092 assentien-

213 4131 288 4190 tem
301 4119 550 4192 Romanorum
568 4117 715 4212 vulgum
727 4119 846 4193 vivida
860 4117 975 4212 pingit
989 4118 1160 4194 oratione.

235 4423 267 4508 *)
300 4425 382 4484 Vide
409 4424 596 4506 Meisternas
624 4429 731 4498 Ueher
764 4431 1180 4514 insomnietatem,
1211 4435 1299 4514 Lips.

298 4541 385 4601 1810.
403 4549 434 4612 p.
453 4533 502 4598 56.
520 4563 538 4610 ‚·
1340 4529 1350 4564 ³
