3052 5202
541 507 627 592 sar.
656 507 719 610 tp,
743 487 802 558 68.
817 484 875 580 69.
1162 481 1233 568 est

1080 637 1237 658 ῃ

228 765 288 836 ss.
339 725 439 836 Hes
458 775 494 835 et
515 763 550 834 n.
565 761 588 834 r.
609 771 646 836 et
657 763 697 836 ae
711 763 998 856 praecedentibus
1014 765 1061 836 ea
1076 765 1235 838 ecetera-

155 909 237 970 tam
247 879 408 996 palpantia
419 899 674 987 referendum,
700 919 776 968 uon
794 909 888 968 esset
900 901 1001 992 quod
1013 909 1239 989 moneretur,

153 1002 235 1104 nisi⁸
245 1006 465 1106 recentiores
480 1035 699 1126 interpretes
712 1031 910 1126 germanici
929 1024 1172 1106 translationis
1188 1033 1240 1104 li·-

153 1170 407 1264 eentiaplurcs
420 1169 648 1240 induxissent
663 1191 845 1261 personas.
883 1167 1085 1250 ItaManso:
1111 1161 1239 1259 „ledet

153 1304 267 1396 irrt;“
292 1305 458 1374 Passow:
485 1301 644 1394 „Siindig
658 1301 705 1371 ist
718 1279 837 1388 dieser
850 1301 921 1371 wia
937 1300 1045 1393 der;“
1067 1305 1219 1374 Donner
1229 1297 1246 1376 ·.'

155 1436 416 1526 „Siinder-sind
432 1433 672 1533 ellezumalf‘
720 1419 862 1509 Pecca't
876 1435 990 1512 abusu
1004 1435 1104 1524 auri,
1128 1435 1241 1512 unio·-

23 1613 24 1620 1
155 1593 244 1642 num
266 1563 336 1642 &e
385 1571 596 1660 Peccatum,
633 1591 715 1640 cum
745 1569 786 1638 in
808 1569 939 1642 harum
961 1593 1087 1646 rerum
1107 1568 1241 1664 inven-

155 1705 255 1775 tione
279 1714 316 1775 et
336 1715 413 1779 arte
432 1713 610 1798 ponatur,
634 1713 675 1781 ut
694 1705 825 1804 saepius
847 1704 945 1806 apud
959 1717 1098 1780 veteres
1114 1705 1153 1774 in
1169 1704 1240 1775 de-
1346 1765 1353 1772 .

155 1836 410 1931 scriptionibus
424 1837 584 1922 luntriae
597 1848 635 1909 et
645 1837 821 1931 tempatis
837 1841 906 1909 acti
912 1837 1077 1918 laudibus
1084 1837 1240 1940 probio-
1306 1875 1312 1900 t

155 1973 275 2064 ribus,
297 1995 407 2068 quam
420 1973 647 2058 verioribus,
671 1971 788 2044 colori
809 1973 952 2066 poetico
971 1971 1042 2050 hoc
1055 1991 1242 2064 magnaex

23 2091 24 2100 ἵ
153 2117 259 2199 parte
272 2105 520 2182 tribuendum.
546 2103 704 2198 „Utitur
715 2103 798 2200 heic
812 2107 950 2206 accipio
963 2129 1036 2200 pro
1049 2103 1240 2194 „fruitur.“

155 2237 310 2311 Casaub.
356 2235 493 2318 'Recte
526 2239 671 2342 quidem
704 2263 750 2311 ex
779 2237 898 2314 merite
924 2239 1059 2326 Persii,
1090 2225 1241 2316 ‘tametsi

23 2421 24 2428 κ
155 2380 351 2466 utrumque
363 2374 514 2450 verbum
529 2373 891 2468 alias-significatione
908 2373 1064 2466 differat,
1087 2383 1127 2444 ut
1141 2371 1241 2466 apud

66 2507 70 2526 '
153 2506 306 2580 Florum
328 2529 362 2596 a,
386 2505 421 2596 6,
446 2527 503 2580 ar.
519 2507 573 2586 ,de
593 2507 819 2598 Hannibale,
844 2518 1029 2602 cumpost
1049 2505 1242 2582 victoriam
1342 2579 1344 2592 ,

153 2641 386 2736 Campaniam
402 2641 539 2712 deliciis
554 2639 759 2714 affluentem
774 2653 931 2736 peteret:
957 2641 1075 2728 „Cum
1089 2640 1243 2710 victoria
1278 2661 1287 2688 f

152 2785 276 2868 posset
289 2775 356 2859 ati,
379 2775 455 2844 frui
468 2773 633 2874 ιιιριΙιιὶτέί
681 2775 852 2844 Ceterum
866 2772 953 2843 vitia
968 2769 1076 2842 simili
1093 2769 1242 2876 moiulo
1370 2847 1374 2856 ¹

151 2909 301 2988 metimr
322 2905 478 2992 Seneca,
501 2905 684 2976 luxuriam
703 2906 771 2975 irae
794 2902 1013 2998 praeferens:
1048 2882 1243 2998 „quoniam
1372 2909 1373 2917 ’
1421 2875 1426 2886 ’

153 3043 219 3124 illu
234 3020 300 3112 sua
315 3040 498 3132 voluptate
512 3037 667 3124 fluitur,
689 3035 768 3107 hacc
790 3037 909 3116 alieno
925 3037 1088 3140 dolor·p,“
1112 3041 1157 3110 de
1172 3007 1241 3122 Ira.

156 3183 192 3266 5,
212 3179 244 3264 5,
261 3175 295 3256 5,
381 3263 387 3274 „
838 3245 844 3254 .
1127 3251 1130 3258 .

233 3307 292 3404 69,
335 3303 560 3400 Pontpicum
574 3307 825 3388 Romanorum
839 3327 970 3378 munus
985 3317 1022 3388 et
1036 3277 1241 3402 (lignitatem
1332 3395 1339 3406 „

154 3443 346 3536 descripsit
360 3441 492 3514 Cicero
508 3441 573 3516 Or.
592 3465 663 3536 pro
675 3440 797 3516 Domo
816 3465 847 3514 r.
899 3442 946 3514 In
961 3467 1078 3516 sacro.
1126 3443 1239 3516 Vario

152 3579 304 3674 legitur:
343 3587 489 3670 „sancto
513 3573 594 3676 (sco
615 3578 737 3651 Haun.
762 3602 792 3650 ι.
817 3601 851 3651 a.
880 3575 939 3668 5.)
955 3581 1101 3670 san‘ctis,
1123 3603 1241 3665 sacro,

153 3714 283 3803 sacris,
305 3712 461 3808 templo,
485 3711 667 3808 templist‘
696 3739 768 3810 quo
789 3738 849 3786 res
868 3712 949 3808 ipsa
969 3737 1043 3786 non
1061 3722 1240 3801 mutatur3

154 3855 192 3916 et
205 3843 428 3958 frequentius
438 3845 608 3934 ‚pencto“
623 3867 670 3916 ex
681 3848 831 3920 serioris
839 3847 909 3920 oevi
916 3845 1109 3916 Latinitate
1119 3853 1240 3914 ortum
1365 3838 1371 3849 '

153 3977 322 4050 Wabcro
347 3990 446 4048 recte
469 3977 623 4048 ridetur.
685 3979 835 4052 Illarum
864 3981 1065 4054 lectionum
1086 3999 1160 4046 una
1186 3987 1240 4050 est

154 4111 253 4205 apud
272 4109 345 4182 AEl.
371 4109 621 4202 Lampridium
642 4111 681 4182 in
697 4114 777 4182 'sita
798 4112 901 4186 Alex.
925 4111 1066 4203 Severi,
1098 4111 1143 4184 de
1165 4137 1237 4208 quo

155 4245 259 4318 dicit:
285 4247 349 4336 „in
365 4243 507 4337 templis
526 4267 611 4316 sane
628 4269 837 4342 numquam,
858 4258 995 4344 preater
1008 4259 1161 4344 quatuor
1175 4264 1237 4325 aut

155 4379 314 4480 quinque
338 4381 479 4478 argenti
499 4381 630 4470 libras,
651 4383 736 4454 anri
758 4405 805 4457 ne
826 4384 1000 4481 guttulam
1016 4387 1160 4482 quidem
1175 4395 1237 4456 eut

155 4513 372 4590 bracteolam
386 4517 517 4614 posuit,
530 4541 720 4594 susurrans
737 4547 880 4596 versum
890 4523 1025 4598 Persii:
1051 4525 1113 4616 „in
1127 4543 1236 4590 sanc-
