3046 5206
519 466 608 521 sar.
631 469 708 534 tv,
736 453 863 520 10-15.
1164 458 1236 548 519

150 726 414 800 asrimodversio
441 723 622 798 difficilior
643 735 715 816 est,
747 747 831 794 cum
849 724 1004 794 aliorum
1020 724 1238 820 depravatio,

151 863 283 958 quibus
301 860 500 931 admixtum
516 872 587 949 est,
612 859 770 955 speciem
789 861 869 934 eius
889 855 1075 948 obscuret,
1101 870 1137 931 et
1157 865 1240 954 pari

150 999 240 1072 uitio
254 996 500 1090 praviuteque
516 995 713 1086 deformet3
743 995 831 1090 quin
846 979 997 1066 etiamsi
1012 995 1136 1090 regida
1152 1019 1240 1072 vars

151 1143 189 1204 et
201 1155 314 1226 prava
330 1131 395 1202 tibi
411 1131 761 1222 insuasum-detur,
790 1151 873 1226 que
893 1128 993 1226 quod
1012 1139 1150 1204 rectum
1173 1143 1238 1221 est,

150 1266 347 1338 mentiatur
366 1287 519 1338 currum
540 1276 577 1336 st
598 1287 767 1359 pravum,
807 1275 935 1359 perte
959 1275 1085 1338 tamen·
1101 1277 1236 1360 illaque

150 1412 280 1496 sponte
296 1411 437 1474 rectum
451 1399 652 1493 intelligere
666 1401 821 1493 poteris,
847 1409 883 1472 et
894 1399 1059 1473 vitiosam
1074 1401 1238 1494 regulam

149 1538 387 1630 coarguere.“
410 1535 606 1608 Turnebus
621 1519 717 1607 idi..
732 1535 790 1624 50,
799 1532 832 1606 8.
864 1535 1003 1608 Dextre
1016 1537 1236 1610 Paeonius:

150 1669 353 1742 Schweben
376 1667 468 1740 auch
488 1666 605 1761 gleich
627 1669 688 1740 die
710 1639 886 1742 Sohaslen
902 1669 969 1741 der
982 1669 1140 1764 vt'asge,
1171 1671 1261 1746 mit.
1312 1710 1315 1723 2

148 1802 317 1900 rubigem
339 1801 565 1874 schnrtblick
578 1802 728 1876 Findest
751 1802 813 1873 dns
833 1801 955 1874 Recht
975 1803 1025 1874 du
1048 1825 1143 1874 aust.
1166 1805 1238 1880 wie
1316 1830 1319 1840 ·
1386 1867 1390 1884 .
1485 1733 1499 1766 ³

148 1933 217 2008 leis
231 1937 270 2007 iu
285 1939 348 2007 dus
362 1935 556 2009 Seltlimme
570 1939 632 2008 dus
649 1939 746 2012 Gute
761 1939 881 2031 Spiel’,
898 1939 972 2010 und
984 1935 1141 2012 verissse
1153 1939 1238 2010 dish

149 2071 260 2144 selbst
276 2056 509 2164 ausbeugend
532 2071 591 2141 die
606 2069 737 2165 Regel,
763 2072 812 2143 du
826 2071 965 2153 wankst
981 2071 1090 2144 nicht.
1140 2074 1237 2146 Per-

147 2187 268 2276 liuent
280 2206 358 2277 haec
376 2206 421 2275 ad
436 2205 729 2304 propositionum
744 2231 889 2300 genero,
912 2209 952 2277 in
970 2205 1101 2302 quibus
1113 2209 1160 2282 de
1175 2209 1246 2282 of-.

148 2339 241 2411 ficiis
255 2341 457 2412 deliberare
475 2339 632 2436 solerent
646 2341 775 2412 Stoici:
810 2340 1050 2415 honestumne
1072 2343 1110 2416 id
1131 2354 1237 2432 esset,

147 2473 196 2545 de
210 2495 281 2568 quo
295 2485 483 2571 ageretur,
508 2497 554 2545 sn
569 2485 688 2570 turpe,
712 2474 850 2548 utilene
866 2501 911 2548 an
923 2477 1066 2562 inutile,
1091 2479 1173 2548 etsi
1186 2479 1238 2567 id,

147 2611 247 2702 qnod
259 2611 417 2702 speciem
435 2611 587 2681 haberet
598 2608 754 2710 bonesti,
767 2623 945 2702 pugnaret
958 2633 1041 2680 etun
1057 2629 1114 2694 eo,
1139 2608 1240 2698 quod

145 2741 235 2810 utile
258 2741 463 2827 videretur,
497 2741 682 2831 quomodo
702 2763 746 2810 ss
767 2739 925 2809 disce'mi
946 2735 1169 2834 oporteret*
1192 2741 1238 2810 de

147 2871 280 2968 quibus
296 2873 427 2943 Cioero
444 2871 489 2940 de
502 2869 585 2942 uin.
600 2869 626 2937 1.
642 2869 676 2938 3.
692 2880 728 2939 et
745 2869 789 2940 de
805 2869 908 2942 offic.
926 2877 959 2944 5.
990 2843 1002 2879 ‘

226 3007 284 3083 15.
335 3001 498 3099 Nigrum
531 2999 661 3074 ultera.
726 3001 850 3074 Graeci
878 2981 915 3074 el
938 3003 1096 3076 Romani
1124 3005 1240 3080 literis

147 3139 266 3214 Tbeta
281 3147 317 3209 et
332 3124 425 3224 Ta'u,
445 3137 506 3208 illa
519 3133 666 3223 mortis,
689 3135 757 3207 hac
770 3135 854 3210 vilse
870 3137 1055 3232 symbolo,
1074 3139 1132 3210 usi
1143 3151 1238 3212 sttui.

146 3272 364 3346 Nominibus
394 3269 551 3342 militum
573 3269 753 3343 bellorum
776 3273 1008 3366 superstitum
1029 3277 1240 3368 apponeba-

146 3419 209 3480 tur
226 3423 252 3475 Τ
267 3419 280 3489 (
290 3416 517 3490 Prosperes)
536 3407 598 3478 sed
615 3403 870 3478 defunctorum
882 3419 924 3479 ui
937 3419 974 3478 (tl
988 3410 1114 3480 mosiis
1129 3412 1236 3483 dam-

147 3553 315 3615 natorum
336 3561 359 3613 o
377 3554 591 3624 (enimn).
646 3543 700 3614 Its
723 3559 748 3610 e
769 3543 809 3614 ia
831 3542 1111 3636 sepulcralibus,
1145 3567 1180 3618 r.
1205 3569 1236 3616 o.

147 3675 284 3764 „Ano
308 3675 432 3750 xV1.“
457 3699 487 3747 οε
509 3673 605 3749 ahno
630 3675 817 3748 defunctus
844 3677 1116 3750 sextodecimo.
1153 3677 1236 3749 Vid.
1352 3683 1356 3692 ’

148 3813 240 3884 Sert
270 3809 422 3882 Urssms
453 3813 499 3882 de
529 3809 631 3880 Notis
663 3807 924 3884 Romanorum.
960 3811 1090 3884 *Hinc
1117 3809 1238 3882 illato

148 3945 299 4039 nigrum
320 3945 438 4015 Persii
461 3955 497 4014 et
516 3943 770 4032 „mortiferum
789 3947 928 4036 signum
953 3947 1105 4034 Thotu,“
1129 3949 1237 4020 Mar·-

147 4077 223 4148 tiol.
242 4099 277 4169 7,
295 4077 354 4164 56,
373 4100 402 4146 1.
452 4065 494 4148 ln
511 4075 771 4168 sepulcralibns
783 4075 1033 4149 Romanorum
1047 4081 1237 4174 lapidibus,
1372 4076 1376 4094 ¹

149 4235 308 4308 quorum
328 4213 355 4283 Ι.
374 4209 520 4304 Lipsius
536 4209 626 4282 duos
644 4203 778 4296 attulit,
803 4211 943 4302 quoties
963 4211 1129 4306 pluribus
1150 4241 1236 4289 mo·

149 4356 362 4418 numentum
377 4346 523 4442 aliquod
537 4355 796 4434 exstrueretur,
811 4346 972 4442 sdsctdpi
984 4343 1128 4421 solitum
1147 4361 1237 4440 crat,

150 4483 282 4576 quiex
306 4483 351 4556 iis
372 4507 482 4578 super
497 4493 651 4576 terrun,
676 4479 823 4577 quisub
836 4489 944 4556 terra.
993 4483 1235 4579 Illisprsspo-
