2932 5206
286 509 352 559 na
414 499 417 514 ·
593 479 596 492 ’
713 495 801 557 sur.
829 507 865 574 1,
891 487 949 555 su.

281 787 437 856 rumque
461 721 691 832 reticentibus
720 743 924 856 promptius
945 763 1097 836 Fecialis
1125 763 1272 856 uliquis,
1304 715 1375 835 aut¹

207 937 215 958 ι
281 899 451 986 Flamen,
481 906 544 968 aut
566 905 777 970 veternosus
798 895 968 990 legalium
991 892 1232 992 questionum
1247 897 1359 989 ¹enig-

282 1035 423 1106 matista
436 1023 671 1126 patefecerit?
725 1031 988 1126 Noa-opuscula
1004 1053 1172 1103 sermone
1187 1031 1361 1104 edidimus

282 1169 405 1257 arido,
438 1164 543 1254 exili,
576 1175 673 1236 certe
693 1133 851 1238 maxima
876 1189 922 1238 ex
940 1179 1044 1262 parte
1068 1164 1230 1260 vulgato,
1262 1165 1360 1235 cuius

280 1303 367 1376 lrinc
382 1301 502 1374 honor
516 1321 635 1388 rarus,
655 1301 753 1394 quod
768 1299 941 1395 frequens
953 1325 1051 1373 usus.
1101 1300 1200 1374 Hinc
1214 1297 1361 1370 difficilis

139 1426 143 1437 ¹
273 1439 417 1535 gratia,
442 1438 527 1534 quia
540 1421 655 1507 facilis
670 1433 866 1505 inventio.“
890 1435 957 1528 Ep.
975 1438 1018 1524 8,
1047 1431 1102 1510 16.

353 1575 413 1645 82.
468 1568 636 1640 Trossuli
652 1566 790 1657 equites
803 1565 907 1652 dicti,
939 1569 1063 1660 „quod
1078 1571 1253 1662 oppidum
1266 1571 1363 1644 Tus-

282 1689 409 1776 corbm
424 1699 641 1773 Trossulum
656 1699 732 1769 siue
748 1719 819 1790 ope
831 1697 994 1792 pediturn
1005 1701 1205 1791 ceperint.“
1228 1701 1363 1772 Festus.

281 1839 335 1912 cf.
352 1837 445 1911 Plu.
461 1835 511 1906 Η.
525 1835 570 1908 Ν.
589 1835 649 1923 aa,
667 1857 699 1904 α.
731 1813 1374 1931 §9.auquem100mflar'uunus2.

282 1971 666 2063 „Msueut'etiamnum
680 1967 753 2041 loci
767 1969 933 2064 vestigio,
957 1967 1066 2064 uulgo
1087 1966 1245 2056 Trosso,
1266 1965 1364 2038 vici-

284 2131 403 2201 naque
417 2065 514 2178 sossal
528 2105 555 2174 il
568 2105 661 2176 rudo
678 2104 715 2174 di
724 2105 862 2176 'I'rosso
869 2158 883 2195 ,
908 2104 1049 2179 duobus
1065 2125 1236 2198 passuum
1250 2099 1365 2171 milli-

280 2241 347 2310 bus
363 2239 523 2308 aMontc
538 2237 751 2308 Fiascone.“
787 2239 860 2316 Sed
874 2238 1137 2311 Trossulorum
1151 2261 1283 2312 nomen
1296 2258 1366 2329 pro

280 2370 459 2465 equilibus
473 2393 548 2440 non
559 2369 628 2444 diu
641 2380 724 2463 post
738 2369 946 2440 Gracchum
967 2369 1079 2461 (circa
1101 2393 1237 2444 anirum
1257 2371 1302 2442 U.
1324 2369 1365 2442 C.

280 2505 371 2586 650)
385 2504 578 2592 mansisse,
600 2504 700 2576 addit
713 2503 849 2574 ibidem
867 2483 1014 2574 Plinius.
1072 2503 1148 2574 Iam
1171 2503 1270 2573 enim
1289 2513 1368 2572 tum

279 2635 439 2731 pudebat
459 2636 592 2709 multos
606 2637 723 2710 isthoc
738 2611 1093 2732 nomine‘appellari,
1117 2645 1269 2730 propter
1284 2657 1368 2705 am-

191 2823 197 2830 ·
279 2766 490 2865 biguilatem
512 2771 630 2864 vocis,
663 2795 745 2866 quae
770 2769 836 2841 illo
850 2781 1014 2866 tempore
1028 2751 1135 2882 eliam
1148 2793 1218 2863 pro
1234 2763 1368 2882 iurene

85 2999 88 3008 Ι
221 3006 225 3016 Ι
280 2916 419 2994 comto,
452 2919 612 2996 comato,
637 2915 877 3002 unguentum,
896 2897 1016 2977 'nitide
1033 2905 1181 2992 vestito,
1205 2902 1370 2997 adeoque

279 3031 432 3111 delicato
462 3063 504 3112 ue
534 3039 637 3114 molli
664 3039 926 3136 accipiebatur,
977 3029 1000 3109 o
1034 3063 1154 3133 graeco
1190 3037 1369 3112 vocdnulo

277 3199 450 3256 ιρυσσοι,
487 3177 588 3270 quod
615 3187 717 3248 notat
747 3173 935 3269 delicatos¹
953 3185 990 3244 et
1018 3171 1170 3266 mollitie
1201 3173 1370 3262 infames,

277 3318 424 3376 nostros
437 3305 652 3404 „Elegans.“
673 3316 685 3338 '
701 3307 786 3380 Hoc
801 3333 908 3381 sensu
922 3308 1077 3380 Seneca:
1108 3307 1232 3400 „Quid
1252 3303 1371 3403 ergo?

264 3434 376 3506 ‘idem
390 3436 536 3528 faciam,
559 3441 659 3531 quod
674 3439 842 3510 Trossuli
860 3451 895 3510 et
910 3435 1119 3510 iuvenes?“
1149 3441 1218 3532 Ep.
1239 3443 1306 3529 76,
1337 3462 1368 3510 1.

278 3579 331 3640 et:
363 3569 422 3659 „0
445 3591 554 3664 qnam
577 3593 767 3664 cuperem,
806 3568 860 3640 illi
883 3569 1027 3657 (Catoni
1050 3571 1244 3670 Censorio)
1255 3565 1371 3643 ‘nunc

191 3763 196 3770 .
266 3723 475 3780 ¹occurrere
500 3702 659 3798 aliquem
682 3727 728 3776 ox
748 3701 806 3775 bis
832 3699 1019 3776 Trossulis
1046 3699 1085 3770 in
1107 3701 1168 3774 via
1183 3669 1372 3796 divitibus,

185 3861 187 3871 ·
280 3865 447 3914 cursores
464 3851 501 3911 et
514 3837 688 3910 Nmnidc's
710 3837 849 3932 (seruos
869 3839 908 3908 in
925 3837 1056 3910 itinere
1071 3837 1169 3931 ipsos
1185 3805 1372 3913 comilan-

280 3977 350 4066 tes)
364 3974 566 4047 etmultum
578 3984 661 4045 ante
677 3995 717 4044 se
730 3972 892 4067 pulueris
906 3971 1120 4067 ιςοιιῐειηέα
1150 3974 1220 4070 Ep.
1245 3979 1307 4068 87,
1336 3981 1372 4048 8.

279 4107 437 4195 Eosdem
452 4109 591 4199 ,maudo
606 4109 764 4182 nitidos“
778 4107 870 4182 dixit
881 4107 1013 4182 Varro.
1077 4105 1209 4202 Levis,
1240 4109 1373 4206 glaber
1419 4139 1420 4144 ¹

283 4253 320 4314 et
330 4237 475 4334 politus,
499 4243 559 4320 vel
572 4243 690 4318 adhuc
703 4244 885 4318 imberbis.
911 4241 1125 4333 Iuvenale,
1155 4251 1233 4314 1'11.
1251 4267 1288 4338 9,
1305 4248 1369 4339 95.

282 4371 498 4452 Trossulum
519 4378 767 4450 exsultantem
785 4401 860 4450 non
884 4401 968 4450 cum
987 4377 1163 4470 Koenigio
1182 4389 1373 4454 oratorem

65 4584 69 4599 ,
127 4514 132 4527 '
283 4511 514 4588 vehementer
538 4531 576 4580 se
599 4510 809 4606 iactantem,
848 4511 910 4588 sed
934 4511 1137 4592 andanem
1151 4511 1372 4588 immodeste
