2938 5208
379 366 389 406 t

510 465 699 557 secere,
718 451 774 540 47.
1122 451 1193 532 531·

109 727 184 798 tisri
209 733 312 794 curet
336 722 636 811 conducentdrus‚
669 721 731 816 qui
753 734 853 794 certe
868 719 992 814 'pretio
1013 722 1080 792 iste
1101 727 1197 817 apud

2 960 3 964 Ἴ
109 861 261 932 artifices
277 857 494 930 elaboranda
517 857 764 949 suscepissent.
816 855 939 928 Loc'at
961 881 1090 946 armo,
1115 881 1197 950 qum

108 993 489 1088 affiganturpostibus,
514 991 613 1062 locat
636 991 872 1088 chlamydes,
898 1005 933 1064 et
944 1014 1139 1090 gausape,
1162 1005 1199 1064 et
1289 1051 1293 1056 .

107 1129 256 1214 essedo,
282 1139 318 1200 et
334 1127 504 1214 Rhenes,
526 1121 589 1220 q'ui
613 1111 790 1196 ducantur
806 1129 845 1196 in
862 1127 1082 1220 triumpho.“
1107 1127 1195 1221 Syll.

105 1263 217 1356 Epist
236 1263 291 1334 ed.
313 1287 335 1331 a
360 1263 400 1334 P.
419 1263 636 1348 Burmanno.
660 1261 705 1330 T.
725 1262 758 1330 5.
774 1284 810 1352 p.
828 1262 886 1330 52.
903 1259 938 1356 ⁸)
989 1259 1092 1332 Addo
1117 1259 1196 1332 loca

107 1398 326 1492 probentiet.
340 1397 414 1468 Cic.
430 1397 538 1471 verr.
552 1415 589 1482 u,
608 1395 665 1486 59.
689 1394 817 1490 Philip.
834 1417 869 1488 9,
885 1419 917 1488 7.
932 1395 1043 1487 Epist.
1060 1393 1197 1464 adDi-

86 1523 199 1606 ’νοέω
216 1535 252 1621 4,
272 1551 326 1602 ra.
341 1527 422 1606 tn.
439 1551 501 1622 27,
523 1551 578 1610 ιο.
596 1527 689 1611 Plio,
703 1529 807 1602 H.N.
826 1553 860 1624 7,
875 1531 933 1604 tt.
953 1527 1194 1614 Plautltulul.

110 1667 145 1754 3,
162 1669 195 1755 6,
213 1667 269 1738 52.
1186 1685 1189 1702 ·
1280 1659 1288 1674 '

109 1839 401 1860 uuna—uu·-

129 1973 161 2048 *)
191 1971 320 2032 Postero
339 1983 479 2052 tempore
501 1971 560 2032 leo.
575 1969 769 2032 Fscciolatnc
786 1981 858 2032 aute
874 1967 990 2046 dictos,
1015 1969 1066 2031 eir
1081 1969 1195 2032 Latina

192 2077 369 2162 eruditione
386 2075 583 2149 clarissimos,
606 2073 640 2136 in
659 2075 718 2136 ade
735 2075 944 2156 epistolarum,
965 2095 1039 2156 quac
1052 2095 1108 2137 cuo
1120 2077 1196 2136 anh-

191 2180 392 2260 iuuxitoperi
401 2203 409 2240 :
430 2181 480 2240 De
490 2178 616 2260 optimis
628 2179 739 2242 studiis
749 2169 915 2242 Orationes
926 2179 1197 2260 X·Petarii'1723‚
1221 2247 1226 2252 ,

191 2305 222 2366 p.
239 2288 307 2364 273.
326 2285 456 2346 eandem
469 2283 652 2345 sententium
662 2327 672 2356 ,
693 2283 901 2344 Gronovianae
917 2285 1196 2364 interpretationis,

190 2399 226 2451 ut
237 2387 383 2465 videtur,
403 2387 544 2470 ignarus,
564 2387 608 2448 ita
624 2387 783 2466 explicuit.
811 2385 920 2466 „Quid
935 2381 996 2449 tibi
1009 2391 1049 2452 ab
1065 2387 1120 2450 illo
1138 2411 1198 2450 ex·

191 2505 327 2576 spectes,
338 2493 456 2572 (agitur
473 2491 513 2552 dc
528 2490 646 2552 insnlso
664 2491 890 2567 Grammatico,
912 2490 967 2571 qni
982 2491 1150 2554 mirificum
1164 2513 1198 2553 se

190 2599 293 2664 Persii
315 2597 519 2678 interpretem
544 2597 739 2670 venditabat,
760 2597 884 2674 iamque
901 2587 941 2656 ed
955 2596 1197 2674 explicationem

190 2700 291 2763 nostri
314 2701 377 2760 loci
402 2711 434 2760 et
456 2696 547 2756 verbi
567 2699 654 2756 locet
677 2696 909 2774 compellendus
933 2695 1014 2774 erat)
1036 2697 1097 2756 nisi
1114 2699 1198 2776 qrrod

191 2806 379 2884 interpretes
408 2817 533 2868 omncs,
559 2799 642 2858 docti
666 2797 863 2876 indoctique,
894 2797 1023 2872 hebent,
1049 2797 1200 2859 videlicet

197 2911 281 2970 idem
297 2907 419 2978 coiere,
440 2910 533 2980 etque
549 2901 777 2975 accommodat,
798 2899 937 2976 collocet,
959 2899 1119 2982 disponit?
1160 2903 1199 2964 ld

195 3033 265 3076 cnm
282 3007 409 3082 dixerit,
429 3005 557 3084 impuno
574 3003 702 3068 ridebis.
733 3003 818 3082 Quid
836 3005 920 3064 enim
937 3005 1040 3064 minus
1053 3005 1199 3068 adrem?

192 3117 291 3196 Queri
315 3135 392 3174 vcro
414 3106 553 3172 emonis
574 3106 660 3170 terito
675 3117 746 3170 aute
759 3105 912 3186 triumphi
928 3107 1031 3182 diem,
1056 3111 1110 3190 qui
1128 3111 1199 3172 dics
1319 3129 1323 3140 ·

195 3245 234 3284 ne
251 3215 380 3282 edvcnit
394 3213 519 3298 quidem
529 3233 685 3294 umquam,
702 3229 789 3274 arma
804 3209 838 3286 io
854 3213 1043 3298 templorum
1058 3213 1198 3294 postibus

195 3325 373 3400 collocaret,
395 3319 534 3403 cepticos
551 3315 690 3392 vestiret,
710 3317 818 3376 essedo
832 3325 864 3374 et
877 3314 1025 3396 imagines
1042 3319 1076 3379 in
1084 3339 1199 3400 pompa

195 3431 383 3512 disponeret.
438 3423 507 3500 Tn,
535 3423 561 3482 si
588 3421 696 3504 paullo
717 3417 879 3501 reputabis
901 3421 1063 3496 attentius,
1093 3423 1198 3483 statim
1286 3479 1295 3492 ,
1376 3415 1381 3424 ’

196 3535 367 3612 intelliges,
388 3533 495 3593 locere
511 3527 591 3592 nihil
608 3548 674 3589 csse
690 3526 793 3598 eliud,
815 3543 907 3604 quem
923 3545 1000 3604 opru
1015 3525 1198 3590 faciundum

195 3638 426 3704 retentoribus
445 3633 585 3710 uadem
615 3651 686 3692 narn
703 3649 773 3691 mm
788 3627 928 3710 Caligula
944 3629 1199 3710 procuratoribus

138 3781 149 3810 ι
195 3741 369 3832 scripsisset
381 3739 520 3822 (Sueten.
531 3735 667 3814 cetu.)
683 3733 876 3813 triumphem
891 3745 1086 3814 apparerent,
1099 3753 1201 3812 quao-

195 3857 244 3908 tue
261 3865 428 3924 numquam
441 3843 521 3904 alius
536 3841 653 3916 suisset,
672 3833 854 3900 inveniendi
869 3847 958 3898 crant
968 3835 1112 3912 artifices,
1127 3833 1201 3915 qui-

195 3951 254 4012 bus
277 3959 309 4012 ct
330 3967 417 4009 arma
443 3945 584 4026 postibus
603 3944 740 4022 figenda,
761 3951 794 4002 et
814 3951 914 4004 vectes
934 3943 974 4004 ed
994 3941 1132 4022 captivos
1145 3961 1200 4000 or-

194 4053 329 4127 nandos,
350 4065 382 4114 et
398 4053 504 4114 csccde
513 4095 522 4126 ,
543 4061 575 4112 ct
591 4048 758 4128 insaporet,
778 4057 810 4108 et
821 4057 985 4128 apperitus
998 4045 1132 4126 denique
1147 4055 1198 4106 to-

195 4169 245 4218 tus
265 4157 431 4218 locaretur.
481 4157 517 4216 ld
542 4175 620 4215 vcro
643 4175 704 4215 osu
725 4153 871 4214 veniebat
898 4151 992 4212 ctiam
1011 4151 1045 4212 in
1068 4149 1152 4212 veris
1168 4159 1201 4211 et

196 4259 345 4340 legitimis
359 4258 536 4338 triumphis,
561 4269 594 4320 ut
608 4258 660 4316 vel
674 4265 747 4334 tota,
764 4257 815 4333 vel
833 4235 1100 4336 meximepompae
1117 4275 1199 4336 pars,

197 4363 338 4444 qsranrris
354 4363 387 4424 iu
409 4363 545 4442 speciem
561 4361 689 4423 advecta
704 4360 824 4440 lougius
833 4403 842 4436 ,
863 4358 897 4424 in
912 4359 992 4422 urbe
1006 4369 1109 4422 tmen
1123 4381 1200 4421 eoo·

197 4469 342 4540 dereturt
370 4467 502 4556 ideoque
526 4467 632 4528 decue
646 4487 711 4530 non
728 4475 873 4548 poterent
888 4463 924 4526 id
926 4465 1030 4612 33an
1041 4463 1202 4526 redemto-
