2932 5206
568 419 657 470 snr.
684 419 732 485 1.,
760 421 838 490 127.
1073 455 1077 460 .
1177 405 1246 499 167

151 673 322 748 adnotat:
356 675 511 766 „Uram
540 699 586 745 ex
608 699 691 770 quo.
721 673 829 745 Unde
854 650 1044 768 legendum
1063 659 1139 767 est,
1170 693 1244 754 non

150 813 305 900 „lude.“
347 809 476 882 Plures
500 810 610 882 etiam
633 809 800 902 antiquos
820 785 960 897 libro‘s,
992 819 1032 878 ut
1053 800 1167 880 facilis
1193 824 1246 882 est

151 945 373 1039 permutatio
389 947 579 1022 literarum
596 947 610 1012 i
624 955 660 1014 et
673 945 779 1031 u„itn
793 944 932 1036 legisse,
951 945 1064 1017 verba
1079 945 1246 1015 Turnebi

149 1081 177 1148 l.
198 1083 254 1151 cit.
279 1083 470 1152 ostendere
491 1080 678 1164 ridentur,
709 1102 793 1150 cum
813 1077 883 1149 elia
901 1077 1074 1174 legerem
1089 1081 1245 1154 metiens

147 1215 350 1288 lectionem
364 1215 499 1302 „ludo“
517 1211 695 1282 defendat.

237 1435 318 1508 ¹²7:
374 1411 459 1482 Non
472 1413 553 1499 hie,
577 1413 713 1484 scilieet
727 1415 885 1504 aspiciat
916 1415 1000 1488 Non
1015 1415 1133 1486 solum
1146 1413 1243 1486 mol-

148 1551 247 1620 litiei
276 1547 429 1641 poetieae
458 1547 595 1616 deditos
626 1547 837 1642 inpugnnvit
867 1549 1019 1637 Noster,
1058 1551 1123 1620 sed
1144 1549 1244 1620 aliud
1363 1556 1367 1572 “

149 1687 265 1758 etiam
279 1705 390 1780 genus
403 1679 592 1750 hominum
606 1680 735 1754 Romae
752 1681 902 1774 degens,
925 1683 1066 1754 feritate
1081 1695 1239 1769 morum,

145 1818 355 1912 ignorantia
376 1827 414 1888 et
436 1816 523 1888 odio
548 1805 791 1886 humanarum
812 1817 945 1887 artium
967 1805 1118 1910 insigne'.
1152 1817 1237 1888 vid.

74 1973 79 1980 '
149 1959 187 2041 5,
206 1980 264 2046 77.
281 1954 317 2040 5,
335 1975 417 2042 ¹90·
435 1943 471 2036 6,
488 1952 548 2040 57.
569 1948 828 2042 Superbientes
840 1949 893 2020 illi
905 1946 1239 2024 hominesRomano
1335 1929 1338 1938 ⁵

148 2086 321 2171 nomine,
347 2093 385 2152 et
397 2083 558 2174 priscum
570 2082 843 2180 sordidumque
866 2082 1003 2154 cultum
1023 2085 1239 2170 assentantes,

147 2193 428 2290 contemnebant
443 2217 618 2310 quidquid
632 2218 759 2288 Romae
775 2228 853 2289 erat
866 2203 1007 2320 Giaeeae
1023 2219 1241 2289 eruditionis

146 2367 188 2426 et
205 2353 413 2449 elegmtioe.¹
450 2351 616 2439 Persius,
642 2353 860 2423 Graecdrnm
877 2353 1024 2448 quidem
1042 2355 1236 2428 vanitatem
1309 2384 1311 2394 ¹

141 2503 182 2562 et
210 2489 437 2584 parasiticom
469 2485 751 2558 venditationern
780 2513 855 2560 non
873 2488 1061 2582 ignorans,
1094 2489 1236 2579 ingrate

140 2639 267 2696 tamen
292 2626 451 2706 bonurn,
488 2621 586 2710 quod
615 2620 667 2688 eis
688 2583 861 2708 inesset„
884 2635 920 2692 et
941 2623 1042 2714 quod
1062 2619 1102 2689 in
1122 2619 1237 2687 literis

145 2755 307 2830 Romani
328 2755 380 2822 eis
396 2751 589 2838 deberent,
612 2775 686 2822 nou
699 2753 958 2844 interpretatus
976 2765 1043 2841 est,
1062 2751 1173 2836 ineo,
1197 2757 1238 2817 ut

145 2877 189 2962 in
200 2887 387 2982 pluribus,
412 2883 553 2975 aequior
570 2883 759 2970 Iuvenale,
793 2885 973 2956 indefesso
987 2882 1237 2980 graecomaniee

143 3029 323 3096 Romanae
340 3019 573 3112 exagitatore.
623 3015 681 3089 Ad
698 3015 833 3088 cultum
848 3019 1020 3089 Graecum
1035 3017 1236 3112 elegantio-
1287 3023 1289 3026 ’

146 3183 229 3228 rem
242 3151 473 3248 pertinebant
484 3148 658 3244 erepidae‚
672 3149 785 3244 pallio
799 3149 1010 3248 (chlamydi)
1020 3153 1235 3225 Graecormn
1302 3135 1309 3144 ⁵
1400 3219 1404 3226 ,

144 3281 375 3384 peculiares,
407 3286 500 3356 sicut
522 3299 617 3378 togae
638 3287 816 3358 Romane
841 3285 959 3388 eeleei.
982 3290 1062 3362 Liv.
1090 3309 1148 3383 29,
1178 3311 1231 3384 ¹9·

142 3426 262 3497 Pedes
285 3447 360 3497 non
383 3421 554 3512 tegebant
583 3421 668 3491 Tse.
693 3419 822 3493 Annnl.
838 3401 875 3506 ἰν,
895 3424 953 3516 59.
1004 3425 1235 3516 Differebnnt

143 3583 165 3630 a
182 3559 330 3651 calceis,
355 3559 454 3654 quod
473 3558 512 3630 hi
533 3565 647 3628 tolum
668 3555 803 3629 calcem
827 3557 1029 3646 muntem,
1053 3559 1125 3630 illae
1142 3581 1233 3632 vero

142 3707 282 3764 tantum
306 3704 448 3788 portem
470 3689 579 3762 caleis
600 3690 807 3784 solumque,
837 3691 913 3762 sive
936 3691 1096 3782 plantem
1119 3688 1232 3780 pedis.

143 3827 315 3918 Crepidre
336 3825 448 3918 igitur
469 3849 544 3896 non
560 3821 666 3894 soleis
681 3822 871 3896 dissimiles
884 3788 995 3893 luisse
1009 3821 1179 3898 ridentur
1189 3827 1233 3916 *),

145 3993 444 4018 und-n*

165 4131 212 4206 *)·
233 4129 296 4189 llos
311 4134 414 4188 tomen
431 4123 549 4189 similes
562 4147 627 4214 non
649 4125 793 4189 dixerim.
836 4125 990 4208 Crepidss
1012 4139 1045 4192 et
1062 4127 1157 4192 soleas
1179 4129 1229 4192 di-

229 4251 335 4296 versas
352 4229 463 4309 fuisse,
486 4233 658 4298 Balduinns
674 4233 800 4315 quidem
816 4233 854 4295 de
872 4233 957 4296 Calc.
973 4233 1097 4318 Antiqu.
1114 4256 1145 4299 2.
1159 4246 1230 4312 ety-

228 4338 383 4420 mologica
398 4357 461 4401 non
478 4339 722 4420 probsnitsnec
741 4347 781 4398 or
796 4339 870 4400 lsid.
892 4339 980 4422 llisp.
1003 4341 1089 4422 Orig.
1109 4361 1156 4420 19,
1177 4335 1230 4400 54.

224 4439 308 4509 illud
326 4443 419 4523 disci,
442 4445 521 4508 bene
546 4445 723 4510 observavit
740 4445 902 4511 Heindorf
917 4447 957 4512 sd
978 4445 1057 4512 Hor.
1077 4448 1138 4508 Sat.
1159 4444 1232 4517 1³31
