2932 5206
548 375 638 432 sur.
657 379 697 447 n,
718 355 786 430 55]
1160 368 1206 455 87

110 632 407 736 Pleeuitdeinde
427 635 616 710 materiam
632 646 669 708 et
692 637 732 708 in
748 635 842 708 muri
857 639 985 729 quaeri.
1043 639 1204 712 Testudo

107 767 149 838 iu
173 766 249 838 hoo
269 779 372 842 secte
430 767 630 866 Nuperque
653 739 871 864 portentosis
893 772 1046 863 ingeniis
1065 773 1205 864 princi-
1277 762 1280 771 ¹

106 913 197 996 putu
227 903 389 976 Neronis
417 901 626 992 inventum,
664 913 706 974 ut
733 889 923 997 pigmenus
950 907 1124 998 perderet
1155 931 1207 994 se,

107 1035 304 1132 plurisque
330 1025 472 1112 reniret
495 1037 635 1110 imitate
663 1033 814 1132 lignum.
880 1037 939 1109 Sic
961 1041 1069 1112 lectis
1087 1041 1206 1132 pretia

107 1184 345 1264 quaeruntur3
372 1172 422 1262 sie¹
443 1167 691 1244 terebinthum
713 1169 809 1246 vinci
832 1171 974 1263 iubent;
1001 1173 1052 1242 sic
1067 1173 1204 1244 citrum

106 1303 318 1396 pretiosius
332 1302 434 1394 fieri,
466 1304 521 1373 sie
540 1325 625 1374 eoer
645 1301 775 1396 decipi,
832 1302 946 1380 Modo
966 1305 1112 1376 luxuria
1130 1332 1205 1378 non

105 1437 230 1511 suerat
265 1447 431 1510 contenta
457 1437 577 1530 ligno:
616 1435 688 1508 iem
707 1437 846 1529 tignum
869 1439 966 1512 enim
988 1462 1010 1511 e
1032 1441 1208 1511 testudine
1317 1487 1320 1496 ν

104 1569 226 1659 iacit.“
281 1571 374 1646 Plin.
394 1569 444 1642 H.
466 1569 512 1642 N.
545 1568 610 1657 1-6,
631 1569 690 1642 45.
746 1569 892 1650 Scilicet
911 1553 1075 1662 testudo,
1107 1575 1203 1666 picta

105 1705 340 1779 terebinthini
353 1704 443 1801 ligni
457 1702 604 1792 colore,
627 1701 871 1784 terebinthum
887 1707 1002 1807 ipsam
1017 1681 1199 1798 uincebat,
1320 1679 1322 1686 ¹

106 1839 235 1912 eedem
257 1839 340 1912 uitri
362 1839 477 1912 inetur
498 1839 597 1932 picto
615 1836 795 1910 factitium
816 1850 895 1925 eret
918 1841 1071 1927 eitrum,
1109 1843 1198 1916 rero'
1284 1813 1288 1824 Ι

104 1974 323 2065 pretiosius;
348 1971 474 2066 sioque
495 1973 627 2046 citrum
643 1970 752 2046 fiebat
769 1973 980 2064 pretiosius,
1006 1995 1114 2066 quem
1130 1993 1200 2044 ne-

102 2115 278 2176 sceretur
293 2101 362 2174 &e
415 2105 498 2178 Vid.
513 2105 619 2178 etiem
632 2106 769 2176 Seneca
782 2087 973 2204 tenenat,
991 2131 1025 2202 7,
1051 2130 1085 2204 9.
1124 2109 1198 2182 Pe-

103 2246 306 2333 tron.119.
331 2236 485 2310 Martini.
501 2261 524 2332 9
532 2270 547 2327 ,=
570 2239 637 2326 60,
663 2263 697 2334 9.
725 2261 780 2312 to.

182 2435 245 2509 53.
272 2436 329 2512 54.
380 2437 491 2514 Locis
514 2436 726 2512 Horatianis
746 2439 791 2510 ab
813 2439 1030 2514 Heintlorsro
1052 2445 1097 2512 ad
1123 2443 1196 2512 Sat,

106 2593 145 2658 2,
173 2593 216 2660 2,
244 2574 301 2642 25.
328 2573 456 2663 citetis,
480 2574 520 2643 in
534 2573 666 2668 quibus
679 2573 795 2649 verbo
802 2595 944 2669 ponere
960 2578 1059 2647 notio
1076 2600 1195 2668 eppo-
1258 2639 1262 2646 .

105 2707 214 2774 nendi
226 2706 427 2794 tribuatur,
453 2707 636 2779 addendus
653 2699 713 2776 hic
728 2716 852 2802 noster
865 2715 902 2778 et
917 2707 952 2793 5,
965 2795 969 2806 Ι
980 2729 1019 2776 rr
1030 2731 1059 2774 1.
1085 2703 1120 2790 6,
1136 2706 1194 2778 25.

105 2835 235 2909 Romae
260 2838 347 2910 olim
375 2839 414 2909 iu
443 2838 591 2918 summis
615 2829 755 2910 deliciis
783 2837 946 2912 habitum
968 2847 1047 2910 erat
1070 2859 1197 2908 sumen

103 2967 196 3072 suis,
229 2995 374 3066 „neque
390 2969 463 3040 ulio
481 2993 527 3041 ex
543 2969 692 3041 animali
715 2971 945 3043 numerosior
960 2971 1111 3042 materie
1126 2993 1197 3078 ge·
1316 2989 1322 2996 ·

102 3093 221 3176 ιιέειεέι
252 3105 346 3176 Pliru
368 3101 420 3173 H.
440 3103 488 3178 N.
514 3107 557 3192 8,
584 3105 642 3172 51.
700 3099 785 3172 Hoc
808 3126 884 3198 quo
906 3103 1018 3196 magis
1037 3103 1195 3182 ‚lacteum

102 3246 202 3324 eret,
230 3237 276 3306 eo
291 3235 444 3331 amplius
460 3235 786 3310 commendabatur.
812 3237 969 3324 Martiel.
991 3239 1046 3328 15,
1070 3239 1128 3308 44.
1145 3237 1190 3308 cf.

106 3373 305 3466 s,57,r.
348 3395 390 3463 7,
416 3395 479 3458 77,
505 3371 538 3442 5.
577 3348 818 3465 intersim,
849 3373 927 3444 138.
978 3371 1203 3486 Genusutiul
1283 3379 1287 3386 '

101 3507 198 3596 ¹quod
216 3503 539 3581 farciminis'suisse
554 3507 708 3581 ridetur.

173 3706 231 3780 De
257 3703 354 3782 cenis
364 3757 377 3798 ,
401 3729 467 3780 seu
484 3707 655 3802 sportulis
670 3729 844 3782 senarum
856 3707 938 3818 loco
957 3704 1191 3778 acclamanti-

109 3833 167 3908 Bus
187 3841 300 3929 detis,
338 3839 495 3914 restium
523 3837 714 3933 largitione
746 3853 814 3913 cet
847 3840 1043 3910 Horatius:
1085 3833 1190 3924 „Non

110 3991 168 4060 rgo
187 3985 349 4052 ventosae
371 3973 487 4066 plebis
513 3973 684 4068 suffragia
700 3997 816 4047 venor
830 3969 1007 4063 impensis
1021 3992 1190 4042 cenarum
1248 3945 1254 3951 ¹

110 4111 248 4182 ettritae
263 4127 415 4179 munere
431 4101 577 4177 vestis.“
599 4101 669 4196 Ep.
691 4127 730 4194 r,
760 4127 822 4197 19,
848 4105 906 4196 37.
933 4113 985 4175 et:
1019 4103 1079 4192 „si
1098 4127 1187 4179 vero

110 4249 167 4325 est,
191 4252 343 4314 unctum
358 4249 456 4312 recte
471 4239 533 4334 qui
546 4247 686 4333 ponere
704 4239 853 4332 possit.“
875 4236 917 4336 A.
935 4239 974 4312 Ρ.
992 4240 1073 4310 422.
1101 4241 1188 4312 item

109 4369 309 4450 Petronius:
330 4373 469 4468 „Multo
477 4399 533 4448 me
543 4375 686 4469 turpior
695 4399 734 4448 es
742 4385 793 4464 tu,
809 4377 869 4471 qui
877 4387 917 4448 ut
930 4377 1188 4474 iorisceneres,
1259 4374 1264 4396 '
