3052 5202
167 451 176 486 ·‚
248 381 352 479 '216
425 416 432 441 ‘
616 401 619 410 “
698 422 786 492 sar.
812 423 877 487 m,
902 405 959 474 55.

282 689 333 776 ita
349 683 519 776 explicat:
553 679 662 770 Quod
682 690 721 749 tu
737 679 842 752 nimis
861 679 980 772 magni
994 676 1083 750 sacis
1100 679 1260 767 divitias,
1284 639 1371 752 inde

81 829 85 842 '
145 909 172 936 ι,
211 836 212 844 ’
264 799 403 896 ,subite
420 817 478 903 nt,
504 805 611 909 quod
617 815 735 900 Deos,
784 835 862 890 uasr
852 809 1006 884 eadem
1025 823 1088 886 tua
1103 811 1295 906 cupiditate
1309 826 1371 884 te-

285 964 451 1039 neantur,
468 947 557 1019 colis
573 971 664 1018 auro
679 971 820 1018 summa
835 971 917 1019 cum
929 947 1054 1030 laetitia
1068 959 1226 1041 accepto.
1262 947 1371 1038 Quod

285 1089 399 1165 variae
417 1083 722 1177 interpretationis
747 1085 977 1171 enarrandae,
1009 1107 1084 1154 non
1104 1082 1250 1176 quidem
1265 1105 1370 1154 com-

285 1221 499 1297 mendandae
529 1239 673 1306 caussa,
711 1215 771 1286 hic
794 1219 1051 1316 adnotavimus.
1118 1213 1225 1292 Auro
1243 1227 1381 1292 sacros

286 1355 355 1428 &a
406 1356 527 1444 Deos,
553 1353 616 1445 qui
638 1351 823 1446 prioribus
846 1353 1261 1447 ReipublicaeRomanae
1275 1359 1371 1420 tem-

190 1472 210 1526 .'
286 1491 438 1585 poribus
456 1485 582 1564 fictiles
606 1496 727 1571 erant,
763 1486 985 1578 propitiores
1002 1489 1132 1574 fuisse,
1162 1485 1274 1580 'quain
1289 1507 1373 1555 cum

287 1623 502 1720 procedente
525 1631 690 1712 ternpore
711 1641 759 1688 ex
782 1617 941 1691 hostium
961 1621 1085 1712 spoliis
1108 1623 1213 1694 aurei
1231 1621 1373 1705 fierent,

286 1765 438 1832 testatur
458 1751 547 1824 Cato
569 1753 608 1822 in
627 1753 792 1824 suasione
813 1753 904 1844 legis
927 1753 1066 1847 Oppiae.
1089 1755 1169 1826 Liv.
1197 1756 1256 1841 54,
1277 1757 1314 1844 4,
1336 1757 1371 1826 4.

288 1891 452 1963 Eandem
464 1885 545 1958 Diis
561 1881 700 1960 Gr‘aacis
715 1899 871 1958 mentem
888 1884 1017 1975 tuisse,
1039 1873 1194 1980 scriptor
1209 1887 1373 1978 Alcibia-
1410 1859 1417 1872 ⁶

290 2028 345 2096 dis
375 2047 408 2096 a.
442 2013 636 2131 significat,
676 2047 760 2095 cum
788 2005 1044 2113 Atltemenses,
1090 2021 1374 2097 Lacedaemoniis

268 2168 275 2196 ⁹
289 2181 432 2249 semper
450 2157 489 2224 in
512 2155 616 2224 bellis
632 2157 842 2245 inferiores,
866 2160 992 2234 Iovem
1006 2159 1221 2231 drumonem
1237 2179 1374 2237 consu-

289 2292 397 2360 luisse
431 2286 614 2378 perhibet,
655 2255 876 2376 quaerentes,
917 2313 1048 2382 „quam
1069 2293 1115 2362 ob
1137 2315 1300 2363 caussam
1312 2290 1376 2362 Dii

191 2413 197 2430 '
290 2418 572 2493 Lacedaemoniis
587 2419 721 2510 potius,
743 2441 852 2513 quam
864 2421 963 2512 ipsis,
987 2422 1177 2494 victoriam
1190 2425 1375 2514 largiren-
1440 2502 1443 2514 .

290 2570 370 2644 tur,
388 2564 478 2624 'cum
500 2553 574 2658 ipsi
591 2525 712 2632 tamen
735 2553 910 2624 sacrificia
931 2565 1009 2626 tum
1028 2556 1134 2649 plura
1146 2566 1224 2624 tum
1239 2557 1376 2630 decen-

291 2693 404 2776 tiora,
430 2686 688 2782 quamreliqui
705 2689 938 2802 'Graecorum
962 2691 1151 2776 offerrent,
1173 2685 1377 2760 simulacris

165 2911 169 2920 Ι
293 2803 619 2916 donisquatcmpla
638 2824 689 2895 sic
705 2835 893 2916 ornantes,
918 2835 960 2897 ut
982 2823 1076 2896 nulli
1098 2822 1183 2912 alii,
1201 2843 1379 2916 pompas-

275 2979 367 3054 ,que
402 2958 595 3051 quotannis
623 2959 891 3033 venustissimae
916 2958 1161 3046 celebrarent,
1211 2967 1248 3029 et
1278 2955 1405 3026 omni·

295 3103 430 3179 sinntu,
456 3092 520 3184 qui
543 3091 590 3168 ad
611 3116 692 3168 rem
716 3093 1049 3189 ‹findamspectat,
1079 3094 1216 3166 cunctis
1238 3089 1378 3162 Graecis

295 3235 416 3302 essent
429 3227 776 3321 magnificentiores3
800 3225 1381 3314 cumLacedaamoniisnullaesset

294 3359 447 3426 istorum
472 3379 578 3444 cure,
603 3361 749 3429 adeo
718 3384 815 3429 orrea
835 3363 1007 3440 divinrnn
1018 3347 1154 3434 cultum
1175 3361 1314 3454 parcis,
1340 3369 1381 3432 ut
1480 3403 1481 3420 ι

296 3459 462 3562 mimalia
474 3484 637 3566 mutilata
652 3459 789 3580 passim
799 3503 1014 3581 mactarent,
1047 3497 1109 3564 'et
1098 3521 1137 3566 m
1157 3492 1235 3566 aliis
1255 3491 1381 3564 omiti·-

296 3626 363 3694 bus
399 3618 617 3690 caerimoniis
656 3620 763 3716 longe
797 3627 989 3698 admodum
1015 3628 1240 3718 parcioribus
1263 3647 1381 3717 quam

186 3767 187 3778 ’
297 3756 532 3830 Athenienses
550 3749 618 3825 &ss
681 3757 736 3834 Ad
760 3772 839 3853 quae
867 3755 1059 3854 respondet
1078 3764 1265 3842 oraculum
1287 3762 1381 3834 Am-

297 3893 433 4000 monis,
457 3888 601 3984 placere
618 3894 730 3988 magis
745 3895 813 3967 sibi
825 3893 1186 3974 Lacedaemoniorum
1199 3897 1382 3968 laudatio-

298 4049 394 4112 nem,
408 4009 517 4118 ouam
532 4021 757 4120 reliquorum
766 4029 983 4113 Graecorum
997 4057 1098 4112 secra
1110 4034 1253 4121 omnia‘i
1270 4026 1337 4108 &a
1347 4029 1380 4128 θ)

316 4333 347 4408 ί)
380 4333 554 4410 Locorum,
576 4359 642 4416 quae
659 4343 854 4408 Alcibiadem
874 4367 900 4408 2.
920 4345 1050 4426 originis
1066 4344 1313 4428 non-platonicae
1328 4365 1381 4406 ar-

382 4447 493 4517 guunt,
521 4437 572 4499 hic
589 4463 669 4504 unus
687 4459 746 4522 est,
775 4450 808 4510 in
826 4471 887 4527 quo
906 4451 944 4512 de
959 4455 1051 4516 bellis
1068 4453 1379 4518 Lacedaemonioaum
