2984 5204
351 411 357 418 ¹
471 427 481 460 ‘
543 414 706 528 mrsu,
735 445 869 534 74-76.
1186 447 1258 536 409

769 586 1258 655 .-...,..7.-..

171 723 307 792 latione
329 717 421 790 Plin.
448 719 495 788 li.
517 719 561 790 N.
590 719 644 807 16,
671 719 725 790 18.
760 717 906 788 Sueton.
926 717 1015 812 Aug.
1034 719 1081 788 4ο
1097 729 1134 787 et
1151 721 1207 788 4ι.
1223 731 1260 788 et
1324 675 1338 708 ὀ

169 855 321 950 'quidem
345 854 410 924 sub
433 853 578 926 Nerone
602 853 674 926 Dio
697 853 793 924 Cass.
813 837 870 922 62.
900 853 986 924 Tac.
1005 851 1097 924 Ann.
1124 851 1181 939 15,
1198 851 1257 943 59.

175 989 234 1060 Ob
249 1009 350 1080 spem
367 988 567 1080 accipiendi
575 983 744 1058 frumenti
755 987 883 1058 multos
892 1009 1162 1080 nonnumquam
1177 1007 1259 1098 ma-

174 1123 352 1192 n'umissos
368 1122 491 1210 luisse,
516 1131 663 1192 testatur
681 1119 752 1194 Dio
769 1123 827 1213 59,
843 1123 899 1190 sd.
951 1119 1259 1205 &otiosumne

61 1303 70 1318 .
171 1259 400 1348 corruptum,
426 1268 465 1328 ut
480 1257 518 1326 in
533 1257 792 1350 promptuariis
808 1257 959 1346 publicis
975 1255 1054 1326 fieri
1071 1255 1176 1340 solet,
1197 1277 1258 1322 sa-

176 1381 279 1461 tirico
304 1391 480 1462 adiectum
505 1391 549 1460 ad
573 1391 750 1463 levitatem
768 1391 823 1462 rei
840 1393 907 1460 ista
922 1387 1086 1462 libertate
1104 1387 1259 1480 quaesitae

176 1535 215 1593 et
228 1523 427 1594 istiusmodi
442 1523 636 1612 libertatis,
661 1549 812 1618 corpus,
837 1549 912 1596 non
933 1523 1092 1594 animum
1114 1521 1260 1614 eiusque
1323 1573 1327 1582 .

177 1681 198 1726 a
214 1636 308 1730 vitiis
320 1657 596 1730 vindicationem
612 1661 819 1752 spectantis,
844 1633 1125 1730 describendam.

253 1793 398 1881 75-81.
450 1791 603 1864 Steriles
626 1793 721 1882 veri,
747 1791 997 1866 alienierero.
1047 1757 1100 1862 Ila
1118 1790 1261 1878 „virtu-

174 1917 253 1994 'tum
268 1925 390 1996 sterile
406 1928 602 1997 saeculum“
625 1927 711 1998 Tac.
730 1925 822 1997 Hist.
846 1951 875 2012 1,
894 1925 926 1996 5.
979 1923 1178 2011 Quiritem,
1204 1923 1261 1990 ci-

176 2081 260 2128 vem
278 2059 492 2130 Romanum.
520 2047 527 2056 ¹
553 2059 716 2152 Quirites
741 2060 838 2146 domi
864 2057 1133 2152 appellabantur
1155 2038 1261 2139 eires,
1299 2117 1305 2124 .

173 2195 251 2260 'non
266 2191 375 2282 loris3
397 2191 447 2266 ibi
464 2191 581 2280 enim,
606 2196 635 2264 si
651 2196 701 2267 ita
717 2193 987 2288 appellarentur
1002 2191 1144 2278 milites,
1169 2187 1262 2259 mitti

175 2325 232 2400 vel
257 2325 484 2416 exauctorari
507 2329 720 2402 videbantur
740 2352 808 2422 per
826 2324 1076 2421 ignominiam,
1108 2345 1176 2394 nec
1192 2343 1260 2414 pro

175 2457 346 2568 militibus
364 2457 517 2554 amplius
533 2460 670 2534 haberi.
694 2463 774 2536 Liv.
793 2463 920 2554 45‚57.
946 2459 1189 2532 Suessones.
1202 2478 1259 2550 70.

175 2595 262 2664 Tac.
288 2591 413 2666 A'nnal.
446 2618 477 2684 1,
502 2598 560 2663 42.
601 2597 708 2668 Unde
725 2599 784 2668 sie
806 2597 992 2690 appellati,
1025 2591 1193 2662 discimus
1217 2611 1263 2657 ex

174 2725 280 2794 [rivio
302 2749 333 2810 1,
354 2729 471 2796 met
494 2725 598 2798 ovid.
616 2731 709 2800 Fast.
741 2751 775 2815 s,
795 2731 878 2817 475.
920 2725 1009 2796 Cod.
1031 2723 1145 2792 Paris.
1167 2721 1263 2812 apud

176 2857 395 2928 Weberum:
422 2881 535 2950 „quos
551 2883 624 2928 una
639 2859 838 2950 Quirites.“
889 2857 931 2930 V
927 2858 1055 2959 ertigo.
1107 2853 1263 2925 Romani

176 2983 251 3076 eos,
276 3013 367 3083 quos
383 2991 689 3078 manumittebant,
714 2992 816 3083 alapa
831 3011 1022 3083 percussos
1037 2989 1263 3079 ciitumege-

177 3139 281 3212 runt,
306 3135 412 3216 atque
435 3125 483 3192 ita
507 3125 552 3194 de
568 3147 678 3195 manu
695 3127 889 3210 miserunt,
915 3125 1007 3195 lacte
1022 3124 1073 3192 sic
1089 3121 1175 3214 ipsis
1191 3143 1264 3211 p9-

177 3271 301 3334 testate
318 3257 486 3344 abeundi,
502 3281 575 3357 quo
592 3259 731 3332 vellent.
773 3260 871 3330 Hine
887 3259 932 3328 ad
947 3257 1134 3327 atriensem
1152 3253 1264 3324 multa

179 3391 364 3470 sedulitate
379 3389 579 3466 libertatem
596 3395 810 3468 ambientem
823 3397 961 3466 Caesar:
986 3385 1127 3481 „Multo
1143 3393 1263 3460 maio·
1318 3374 1321 3385 ’

67 3534 71 3547 ’
177 3533 229 3601 ris
245 3527 358 3622 alapae
374 3551 515 3600 mecum
531 3533 726 3604 veneunt.“
752 3531 891 3603 Phaedr.
908 3555 943 3626 2,
961 3535 996 3614 5,
1015 3529 1071 3596 25.
1099 3501 1264 3597 e'tClau·¹
1302 3595 1314 3604 ,

179 3669 323 3770 danus:
348 3665 412 3752 „ln
427 3663 543 3732 civem
560 3639 718 3770 rulruere
732 3667 873 3757 genae.“
898 3665 1004 3734 Oons.
1025 3663 1058 3730 4.
1073 3659 1183 3729 .Ηοη.
1205 3661 1264 3729 Sic
1305 3748 1312 3762 Ι

179 3795 345 3886 „iertere
369 3819 512 3866 servum
535 3819 641 3866 suurn
663 3799 758 3892 apud
779 3801 1012 3892 praetorem,“
1033 3823 1181 3876 σρεφειν
1206 3825 1264 3861 m

178 3937 405 4000 inventatur
428 3939 485 3996 ἐπι
508 3959 674 4015 ερατηγε,
706 3933 871 4026 Epicteto
900 3931 1043 4001 Arrian.
1077 3951 1112 4016 2,
1146 3955 1177 4000 a.
1211 3943 1264 4001 est
1310 3941 1314 3964 '

178 4063 438 4138 manumittere.
475 4067 610 4138 Utrum
624 4067 763 4161 vertigo
776 4067 854 4138 haee
868 4066 1005 4156 species
1022 4065 1183 4156 quaedam
1199 4091 1262 4137 es-

180 4213 231 4274 set
243 4197 477 4308 lustrationis,
494 4211 529 4270 et
543 4225 688 4274 servum
704 4225 725 4270 a
739 4200 903 4292 contagio
919 4199 1099 4270 servitutis
1106 4199 1261 4277 liberum
1308 4295 1315 4317 Ι

179 4337 255 4409 esse
276 4335 469 4422 indicaret,
504 4359 548 4405 an
570 4361 658 4408 vero
678 4335 749 4405 hoc
770 4335 844 4406 ritu
868 4333 1058 4404 ostendere
1082 4337 1263 4412 voluerint
1385 4360 1389 4378 ¹
1445 4325 1448 4334 ’

69 4569 75 4582 Ι
179 4457 335 4560 domini,
361 4469 448 4540 dare
465 4493 503 4540 se
519 4473 632 4546 servis
648 4481 858 4568 potestatem
875 4469 1001 4558 eundi,
1027 4463 1101 4563 quo'
1118 4475 1261 4562 vellent,
