3046 5206
699 396 788 492 sar.
810 437 883 492 rm·
1261 423 1332 513 357
1413 527 1416 548 Ι

246 697 363 768 omnis
385 693 576 792 cdauustii
600 715 705 783 usus,
748 693 794 766 ad
817 691 1014 768 mollitiem
1064 695 1137 788 Cic.
1160 697 1227 768 Or.
1250 709 1334 790 post
1382 698 1384 704 ’

159 878 162 890 ·
246 829 336 902 uod.
360 826 394 900 6.
419 803 493 920 pru
511 826 634 898 Sextio
652 827 686 898 8.
712 824 827 898 Plaut
849 825 949 900 Acin
977 829 1013 920 5,
1029 793 1071 914 Ι5,
1095 829 1154 920 57.
1189 828 1333 919 Quinct.
1434 871 1437 884 ·

245 961 327 1062 inat.
354 983 387 1050 1,
404 960 440 1050 6,
454 963 514 1032 44.
544 975 601 1050 ru,
620 983 677 1051 ro,
694 961 752 1054 47.
804 958 904 1032 Hinc
920 984 1093 1058 gausapa
1112 959 1333 1034 balanatum
1356 977 1359 983 '

244 1095 323 1188 ipse
339 1095 488 1190 capillus
501 1105 577 1193 eall,
598 1093 720 1166 uiritiae
734 1094 881 1188 quidem
896 1093 1069 1190 largitatis
1076 1147 1090 1184 ,
1119 1097 1159 1169 in
1173 1094 1333 1168 fascicu-

244 1227 299 1298 los
322 1226 492 1316 diffissus,
515 1229 679 1302 turbatus
703 1227 838 1316 adhuc,
868 1229 1031 1322 quamvis
1053 1226 1332 1323 exquisitissimo

159 1408 169 1427 .
244 1359 327 1432 oleo
349 1357 529 1436 delibutam
550 1363 836 1462 perfrictuaque,
870 1381 917 1439 ex
937 1383 1010 1454 qna
1028 1360 1264 1454 perfrictione
1286 1383 1332 1432 oo

242 1495 357 1589 magis
371 1517 539 1590 gausapae
550 1495 689 1572 rilloeae
704 1491 887 1566 referebat
902 1495 1071 1590 speciem.
1096 1495 1223 1590 anue
1238 1517 1332 1588 gau-

241 1651 330 1724 sapa
345 1629 478 1702 deinde
501 1629 724 1726 depectitur,
756 1629 877 1704 criuei
896 1627 1028 1724 depexi
1048 1629 1242 1702 ssectmrtur
1266 1653 1332 1699 ca·

241 1763 424 1852 lemistro,
445 1763 748 1869 flexitormmtur
762 1761 949 1856 tegradm
959 1758 1028 1836 &o
1078 1763 1148 1836 scd
1155 1761 1333 1860 plectendi

143 1875 146 1884 ¹
240 1895 393 1972 verbum
414 1897 460 1968 ad
481 1898 689 1979 universam
712 1893 876 1990 capillitii
890 1919 1037 1986 curun,
1061 1919 1204 1972 onmem
1217 1921 1331 1972 comeo

240 2029 419 2126 ungente
433 2029 678 2126 diligentiam,
700 2031 866 2124 pertinet
918 2029 1094 2144 Maxilla
1108 2031 1155 2104 de
1171 1999 1332 2104 crtiibus

241 2162 428 2236 adscititiia
441 2163 692 2258 intelligendae.
726 2165 832 2236 Licet
844 2163 882 2234 in
897 2162 1064 2256 plurimis
1081 2163 1236 2236 nummis
1247 2165 1339 2233 ico--

240 2295 419 2390 tribusque
441 2307 478 2368 et
502 2297 680 2370 imberbes
702 2296 859 2370 Neronis
874 2319 977 2392 genle
992 2297 1062 2368 siut
1077 2307 1112 2367 el
1125 2298 1204 2388 ipsu
1223 2320 1328 2409 conta
1446 2345 1452 2360 .

239 2431 429 2520 destitutae,
444 2429 482 2503 iu
496 2429 574 2502 aliis
589 2431 747 2536 nummis·
757 2441 879 2502 tamen
892 2427 1055 2502 videmus
1062 2429 1217 2524 aliquem
1225 2453 1330 2526 geme

228 2553 378 2660 'partem
392 2564 681 2662 prominentibus
696 2577 758 2638 aut
771 2565 898 2654 cirris,
923 2573 985 2634 aut
1007 2563 1161 2636 crinium
1183 2561 1327 2653 lineola,

185 2763 189 2772 .
238 2695 433 2780 coronula,
482 2662 612 2771 torulis
648 2699 839 2770 obductum
868 2707 905 2769 et
936 2697 1038 2790 quasi
1068 2695 1325 2768 adumbratam.

238 2829 426 2922 Quidquid
450 2841 571 2900 eutem
601 2831 647 2902 de
678 2831 907 2904 maxillarum
935 2827 1111 2902 vocabulo
1142 2838 1328 2920 atotttatur,
1400 2875 1407 2900 .

238 2961 323 3036 eatis
341 2972 463 3036 tamen
487 2984 555 3056 per
579 2973 763 3058 comptum
774 2961 933 3036 Neronis
957 2962 1053 3034 houd
1073 2962 1256 3058 vulgarem
1281 2967 1328 3038 ex

236 3095 411 3170 Suetonio
436 3095 665 3190 nummisque
695 3096 890 3182 evincitur,
930 3105 1073 3188 poetam
1094 3123 1167 3170 nou
1187 3099 1326 3172 dedisse

236 3231 359 3304 locum
383 3251 631 3316 communem,
655 3231 721 3302 scd
741 3229 909 3300 acerbam
928 3229 1042 3300 moris
1056 3228 1207 3305 alicuius
1218 3231 1326 3328 plane

236 3363 437 3436 Neroniani
452 3361 688 3455 taxationeui,
712 3387 829 3460 eoque
850 3362 1094 3456 acerbiorem,
1120 3391 1192 3462 quo
1212 3368 1326 3460 magis
1403 3420 1405 3428 ,

235 3497 441 3588 calamistri,
458 3509 499 3570 ut
512 3509 638 3574 cuneta
650 3499 786 3593 putidae
800 3495 997 3593 diligentiae
1012 3502 1159 3595 vestigia
1174 3502 1212 3574 iu
1226 3499 1325 3575 virili

234 3655 343 3721 sexu,
367 3633 541 3710 Romanis
562 3633 712 3710 fueruat
729 3633 938 3730 despicatui.
990 3611 1052 3706 Vs.
1069 3635 1127 3705 46.
1154 3633 1325 3706 Profecto

234 3759 395 3840 Nereius·
413 3767 550 3841 vicinio
570 3765 648 3838 haec
668 3765 756 3857 tint,
795 3791 877 3862 quae
899 3767 990 3840 dixit
1018 3791 1101 3835 cum
1125 3763 1321 3860 egregium
1474 3765 1479 3790 ’

140 3888 143 3900 ’
235 3897 276 3970 ln
303 3897 371 3968 lrac
392 3896 549 3986 Seneca,
574 3898 732 3976 Neronis
750 3911 849 3972 tator
865 3911 901 3972 et
915 3900 1095 3994 quondam
1110 3910 1323 3993 praeceptor,

233 4031 317 4104 vide
329 4031 407 4102 eiua
420 4033 545 4106 Ludos
559 4033 605 4106 de
620 4043 738 4110 morto
753 4035 907 4122 Claudii,
923 4033 969 4104 de
982 4028 1095 4105 Clem.
1115 4056 1148 4122 ι,
1168 4056 1198 4120 r,
1214 4053 1247 4110 u.
1266 4027 1327 4106 ιι.
1345 4069 1354 4090 ·

234 4156 370 4254 eraest.
390 4165 469 4240 Nat.
487 4167 522 4254 6,
539 4167 573 4238 8.
599 4167 687 4238 Tac.
702 4165 829 4240 tenu.
851 4169 907 4256 rt,
930 4171 988 4240 55.
1008 4167 1064 4242 54.
1095 4167 1172 4240 Nec
1187 4169 1322 4246 moeri

209 4390 212 4404 ³
234 4297 439 4370 adulatione
454 4299 633 4390 Burrbua,
656 4299 747 4374 alter
762 4311 933 4391 tutorum,
955 4301 1041 4378 vitia
1053 4295 1209 4376 Neronis
1223 4303 1320 4375 aluit.

235 4431 322 4511 Tac.
341 4424 433 4508 Anu.
461 4433 519 4527 14,
538 4457 593 4512 to.
619 4435 677 4512 De
700 4438 997 4520 assentatmuibus
1015 4451 1158 4516 senatus
1174 4437 1320 4510 Sueten.
