2868 5200
287 453 334 529 6⁰.
615 515 619 531 ,
721 451 939 537 ‘snr.1,15.

287 585 1368 626 —s-——e———ss--a--fi-r———a—-a

285 737 403 798 morat
429 723 496 817 Ep.
528 725 571 810 8,
608 749 639 794 1.
709 722 820 796 Hisce
843 691 1119 798 ‘recitationibus'
1148 679 1368 821 quantopere

285 865 399 934 literre
417 859 644 946 iuvarentur,
672 858 822 931 discitur
843 885 890 932 ex
912 863 1050 952 Plinio,
1084 863 1147 956 qui
1160 861 1238 954 dip.
1267 863 1309 950 5,
1334 865 1368 934 5·

275 977 463 1083 ¹rationes,
487 994 617 1088 quibus
631 995 677 1067 ud
691 986 916 1066 recitatidmn
931 1009 1140 1072 moreretur
1147 996 1234 1086 „ita
1248 997 1370 1088 expli-

285 1143 358 1205 cat:
401 1128 515 1218 „Mihi
539 1127 738 1208 modestior
747 1126 955 1203 'constantia
975 1143 1047 1220 est,
1087 1155 1197 1227 quam
1219 1143 1259 1204 ut
1284 1135 1370 1204 sotis

284 1259 488 1338 absolutum
507 1274 651 1356 putem,
681 1265 780 1356 quod
802 1287 825 1335 a
844 1289 904 1336 me
916 1268 1102 1360 probetur.
1160 1268 1282 1358 ltaque
1304 1267 1371 1336 has

283 1370 458 1474 recitandi
481 1421 621 1470 causus
643 1420 793 1490 sequor:
843 1399 1009 1475 Primum
1022 1403 1211 1496 quodipso
1225 1401 1287 1493 qui
1303 1423 1370 1472 re-

283 1537 368 1608 citat
380 1534 563 1626 aliquanto
579 1533 698 1602 uerius
713 1531 857 1621 scriptis
865 1533 938 1604 suis
947 1535 1155 1606 auditorum
1165 1535 1372 1612 reverentia

281 1667 454 1752 intendit,
497 1663 624 1770 deinde
646 1663 746 1757 qaod
768 1665 814 1736 de
843 1665 974 1760 quibus
999 1666 1157 1756 dubitat,
1196 1671 1297 1760 quasi
1323 1693 1373 1742 ex

281 1801 423 1874 consilii
437 1789 610 1870 sententia
624 1799 761 1870 statuit.
808 1798 926 1873 Multa
939 1801 1046 1874 etiam
1062 1824 1084 1871 a
1099 1798 1220 1872 multis
1235 1767 1370 1874 admit-

281 1951 408 2023 netur,
438 1945 478 2006 'et
497 1932 528 2004 si
549 1931 624 2004 no'n
647 1933 900 2026 admoneatur,
938 1936 1202 2032 quidquisque
1225 1937 1369 2024 sentiat,

280 2071 455 2168 perspicit
479 2088 525 2138 ex
549 2067 669 2154 vultu,
700 2067 835 2159 oculis,
867 2083 978 2162 nutu,
1004 2095 1133 2164 manu,
1163 2093 1369 2160 murmuro,

280 2205 444 2296 silentio,
477 2221 558 2292 quae
590 2198 673 2272 satis
699 2206 833 2294 apertis
856 2208 950 2278 notis
970 2207 1146 2278 iudicium
1163 2207 1208 2277 ab
1229 2206 1371 2278 huma-

269 2341 388 2444 nitate
412 2336 631 2410 discernunt.
694 2333 814 2430 Atque
834 2339 941 2428 adeo,
972 2338 1084 2410 sicui
1106 2321 1202 2412 inite
1224 2365 1371 2430 eorum,

278 2475 342 2572 qui
358 2469 620 2555 interfuertmt,
646 2490 744 2540 curae
761 2469 890 2562 fuerit,
916 2472 1042 2546 eudem
1056 2473 1119 2544 illa
1134 2473 1277 2568 legero,
1303 2476 1371 2547 in-

276 2607 432 2700 telliget,
452 2605 685 2696 nequedum
702 2615 764 2676 eut
777 2617 1032 2702 commutasse,
1058 2619 1119 2680 aut
1133 2575 1371 2700 praeteriisse,

167 2801 171 2818 .
276 2743 427 2814 fortasse
441 2741 548 2810 ctiam
563 2761 609 2810 ex
623 2763 689 2810 suo
706 2738 857 2828 iudicio,
894 2742 1055 2836 quamvis
1085 2742 1163 2834 ipsc
1189 2739 1281 2812 nihil
1300 2741 1371 2812 di-

276 2877 373 2946 xerit
388 2871 513 2944 mibi.“
561 2874 620 2944 Dc
635 2873 774 2962 fructu,
791 2899 908 2968 quem
924 2899 971 2948 ex
986 2873 1256 2948 recitationibus
1269 2897 1373 2968 per-

154 3019 161 3026 '
276 3009 440 3103 ceperint
453 3007 630 3095 Romani,
646 3007 754 3100 plura
766 3008 848 3081 vide
863 3009 955 3080 Pliu.
976 3033 1009 3095 7,
1030 3029 1085 3102 ¹7·
1113 3011 1147 3096 8,
1165 3031 1222 3078 nn
1249 3030 1285 3100 q,
1303 3027 1369 3104 27.

251 3123 255 3130 ⁵
275 3145 417 3218 Verum
435 3142 686 3236 languescente
709 3141 771 3214 illo
792 3121 982 3214 literaruin
995 3142 1130 3239 studio,
1156 3139 1372 3214 recitaturis

273 3277 372 3350 haud
386 3299 473 3348 raro
486 3277 699 3377 defuerunt,
730 3278 794 3370 qui
810 3277 985 3350 audirent.
1046 3275 1126 3365 „Ad
1142 3277 1374 3388 audiendqm

274 3409 398 3504 pigre,
423 3419 465 3480 ut
486 3407 536 3478 ait
558 3409 715 3499 Plinius,
738 3411 917 3498 coibatur,
942 3409 1110 3504 plerique
1133 3410 1172 3480 in
1190 3409 1373 3481 stationi·-

274 3547 344 3616 bus
358 3542 538 3629 sedebnn,
553 3553 765 3637 tempusque
778 3540 964 3618 audiendis
971 3541 1102 3614 sabulis
1116 3541 1372 3636 conterebant,

275 3703 317 3754 eo
332 3675 482 3750 subinde
497 3675 565 3748 sibi
585 3675 744 3748 nuntiari
758 3677 939 3766 iubebant,
963 3699 1009 3747 an
1023 3675 1094 3744 iarn
1106 3675 1277 3746 recitator
1296 3677 1372 3750 in-

274 3815 439 3900 traverit,
465 3835 512 3883 an
536 3809 669 3883 dixerit
685 3811 935 3905 pretationem
939 3861 955 3910 ,
979 3833 1026 3883 un
1046 3831 1094 3882 ex
1113 3809 1374 3907 magneliano

274 3946 456 4022 evolverit
469 3943 627 4039 librumt
646 3955 724 4018 tum
744 3947 911 4036 demum,
936 3971 977 4020 ao
1000 3957 1077 4018 tum
1096 3963 1246 4042 quoque
1263 3922 1373 4022 lento

275 4091 557 4176 cunctanterque
585 4079 796 4170 veniebant,
841 4101 909 4154 nec
938 4093 1058 4154 tamen
1086 4080 1373 4176 permancbbnt,

273 4211 338 4282 sed
353 4224 432 4284 ante
447 4213 556 4286 sarem
570 4214 793 4304 recedebant,
818 4215 1154 4290 aliidissimulrntcr
1170 4223 1208 4288 et
1218 4215 1371 4304 furtim,

161 4332 165 4346 ”
226 4329 232 4347 ’
274 4345 334 4422 alii
348 4345 558 4438 simpliciter
573 4348 774 4422 etlibore.“
805 4349 873 4444 Ep.
898 4373 938 4440 1,
955 4351 1020 4422 'r5.
1072 4353 1180 4424 Item:
1218 4349 1370 4436 „Raci-

271 4478 413 4556 tubatur
433 4477 528 4564 libet
551 4477 853 4582 absolutissimus,
891 4483 1082 4565 huncduo
1106 4495 1168 4559 out
1191 4488 1285 4571 tres,
1324 4497 1370 4562 ut
