<?xml version="1.0" encoding="UTF-8"?>
<!DOCTYPE html PUBLIC "-//W3C//DTD XHTML 1.0 Transitional//EN"
    "http://www.w3.org/TR/xhtml1/DTD/xhtml1-transitional.dtd">
<html xmlns="http://www.w3.org/1999/xhtml" xml:lang="en" lang="en">
 <head>
  <title>
</title>
<meta http-equiv="Content-Type" content="text/html;charset=utf-8" />
  <meta name='ocr-system' content='tesseract 3.04.00' />
  <meta name='ocr-capabilities' content='ocr_page ocr_carea ocr_par ocr_line ocrx_word'/>
</head>
<body>
  <div class='ocr_page' id='page_1' title='image "./satir00persgoog_0508.png"; bbox 0 0 2938 5208; ppageno 0'>
   <div class='ocr_carea' id='block_1_1' title="bbox 270 328 1077 462">
    <p class='ocr_par' dir='ltr' id='par_1_1' title="bbox 270 328 1077 462">
     <span class='ocr_line' id='line_1_1' title="bbox 270 328 1077 462; baseline -0.001 -12"><span class='ocrx_word' id='word_1_1' title='bbox 270 381 340 450; x_wconf 79' lang='grc'><strong>486</strong></span> <span class='ocrx_word' id='word_1_2' title='bbox 519 402 521 410; x_wconf 64' lang='grc'><strong><em>’</em></strong></span> <span class='ocrx_word' id='word_1_3' title='bbox 672 393 761 449; x_wconf 77' lang='lat' dir='ltr'><strong>sur.</strong></span> <span class='ocrx_word' id='word_1_4' title='bbox 786 397 840 462; x_wconf 74' lang='lat' dir='ltr'><strong>v,</strong></span> <span class='ocrx_word' id='word_1_5' title='bbox 866 379 946 448; x_wconf 79' lang='lat'>188.</span> <span class='ocrx_word' id='word_1_6' title='bbox 1073 328 1077 340; x_wconf 54' lang='lat'><strong>,</strong></span> 
     </span>
    </p>
   </div>
   <div class='ocr_carea' id='block_1_2' title="bbox 986 523 1343 544">
    <p class='ocr_par' dir='ltr' id='par_1_2' title="bbox 986 523 1343 544">
     <span class='ocr_line' id='line_1_2' title="bbox 986 523 1343 544; baseline 0.011 -4"><span class='ocrx_word' id='word_1_7' title='bbox 986 523 1343 544; x_wconf 53' lang='lat' dir='ltr'><em>m</em></span> 
     </span>
    </p>
   </div>
   <div class='ocr_carea' id='block_1_3' title="bbox 180 651 1433 3298">
    <p class='ocr_par' dir='ltr' id='par_1_3' title="bbox 180 651 1433 3298">
     <span class='ocr_line' id='line_1_3' title="bbox 250 651 1347 748; baseline -0.002 -20"><span class='ocrx_word' id='word_1_8' title='bbox 250 668 304 728; x_wconf 76' lang='lat' dir='ltr'><strong>=et</strong></span> <span class='ocrx_word' id='word_1_9' title='bbox 318 655 474 748; x_wconf 84' lang='lat' dir='ltr'><strong>Koenig,</strong></span> <span class='ocrx_word' id='word_1_10' title='bbox 497 653 567 722; x_wconf 86' lang='lat' dir='ltr'><strong>hoo</strong></span> <span class='ocrx_word' id='word_1_11' title='bbox 583 651 627 722; x_wconf 87' lang='lat' dir='ltr'><strong>ad</strong></span> <span class='ocrx_word' id='word_1_12' title='bbox 642 653 902 742; x_wconf 88' lang='lat' dir='ltr'><strong>superstitiosas</strong></span> <span class='ocrx_word' id='word_1_13' title='bbox 917 654 1119 745; x_wconf 80' lang='lat' dir='ltr'><strong>opiniones,</strong></span> <span class='ocrx_word' id='word_1_14' title='bbox 1135 677 1264 746; x_wconf 85' lang='lat' dir='ltr'><strong>parum</strong></span> <span class='ocrx_word' id='word_1_15' title='bbox 1284 680 1347 726; x_wconf 90' lang='lat' dir='ltr'><strong>uo-</strong></span> 
     </span>
     <span class='ocr_line' id='line_1_4' title="bbox 267 779 1346 886; baseline -0.005 -24"><span class='ocrx_word' id='word_1_16' title='bbox 267 803 331 886; x_wconf 76' lang='lat' dir='ltr'><strong>tes,</strong></span> <span class='ocrx_word' id='word_1_17' title='bbox 346 779 543 882; x_wconf 76' lang='lat' dir='ltr'><strong>pertinere.</strong></span> <span class='ocrx_word' id='word_1_18' title='bbox 570 783 818 858; x_wconf 77' lang='lat' dir='ltr'><strong>consulendus</strong></span> <span class='ocrx_word' id='word_1_19' title='bbox 833 785 903 876; x_wconf 75' lang='lat' dir='ltr'><strong>illis</strong></span> <span class='ocrx_word' id='word_1_20' title='bbox 920 789 1046 858; x_wconf 87' lang='lat' dir='ltr'><strong>luisset</strong></span> <span class='ocrx_word' id='word_1_21' title='bbox 1062 789 1268 878; x_wconf 78' lang='lat' dir='ltr'>Turnebus,</span> <span class='ocrx_word' id='word_1_22' title='bbox 1293 791 1346 883; x_wconf 89' lang='lat' dir='ltr'><strong>qui</strong></span> 
     </span>
     <span class='ocr_line' id='line_1_5' title="bbox 268 917 1347 1022; baseline -0.004 -24"><span class='ocrx_word' id='word_1_23' title='bbox 268 925 357 998; x_wconf 79' lang='lat' dir='ltr'><strong>Adn</strong></span> <span class='ocrx_word' id='word_1_24' title='bbox 374 926 492 1012; x_wconf 73' lang='lat'><strong>18,12.</strong></span> <span class='ocrx_word' id='word_1_25' title='bbox 513 919 591 990; x_wconf 81' lang='lat' dir='ltr'><strong>haeo</strong></span> <span class='ocrx_word' id='word_1_26' title='bbox 605 917 728 990; x_wconf 85' lang='lat' dir='ltr'><strong>habet:</strong></span> <span class='ocrx_word' id='word_1_27' title='bbox 755 917 957 1022; x_wconf 84' lang='lat' dir='ltr'><strong>„Alliorurn</strong></span> <span class='ocrx_word' id='word_1_28' title='bbox 973 925 1088 1018; x_wconf 86' lang='lat' dir='ltr'><strong>capita</strong></span> <span class='ocrx_word' id='word_1_29' title='bbox 1104 921 1149 992; x_wconf 83' lang='lat' dir='ltr'><strong>ad</strong></span> <span class='ocrx_word' id='word_1_30' title='bbox 1161 921 1347 994; x_wconf 85' lang='lat' dir='ltr'><strong>multarum</strong></span> 
     </span>
     <span class='ocr_line' id='line_1_6' title="bbox 221 1039 1348 1146; baseline 0.001 -18"><span class='ocrx_word' id='word_1_31' title='bbox 221 1077 226 1096; x_wconf 80' lang='lat'>¹</span> <span class='ocrx_word' id='word_1_32' title='bbox 267 1081 445 1128; x_wconf 83' lang='lat' dir='ltr'><strong>noxarum</strong></span> <span class='ocrx_word' id='word_1_33' title='bbox 458 1039 704 1146; x_wconf 80' lang='lat' dir='ltr'><strong>depulsionem</strong></span> <span class='ocrx_word' id='word_1_34' title='bbox 717 1054 860 1146; x_wconf 83' lang='lat' dir='ltr'><strong>valere,</strong></span> <span class='ocrx_word' id='word_1_35' title='bbox 885 1059 1013 1128; x_wconf 90' lang='lat' dir='ltr'><strong>animis</strong></span> <span class='ocrx_word' id='word_1_36' title='bbox 1028 1069 1182 1130; x_wconf 79' lang='lat' dir='ltr'><strong>vetustas</strong></span> <span class='ocrx_word' id='word_1_37' title='bbox 1196 1059 1348 1129; x_wconf 86' lang='lat' dir='ltr'><strong>imbiba-</strong></span> 
     </span>
     <span class='ocr_line' id='line_1_7' title="bbox 265 1188 1348 1284; baseline -0.001 -21"><span class='ocrx_word' id='word_1_38' title='bbox 265 1203 333 1263; x_wconf 90' lang='lat' dir='ltr'><strong>rat.</strong></span> <span class='ocrx_word' id='word_1_39' title='bbox 379 1188 581 1260; x_wconf 83' lang='lat' dir='ltr'><strong>Columella</strong></span> <span class='ocrx_word' id='word_1_40' title='bbox 595 1189 702 1258; x_wconf 89' lang='lat' dir='ltr'><strong>etiam</strong></span> <span class='ocrx_word' id='word_1_41' title='bbox 718 1190 805 1277; x_wconf 82' lang='lat' dir='ltr'><strong>ovis,</strong></span> <span class='ocrx_word' id='word_1_42' title='bbox 829 1213 910 1284; x_wconf 87' lang='lat' dir='ltr'><strong>quae</strong></span> <span class='ocrx_word' id='word_1_43' title='bbox 924 1191 1152 1282; x_wconf 89' lang='lat' dir='ltr'><strong>incubentur,</strong></span> <span class='ocrx_word' id='word_1_44' title='bbox 1176 1193 1348 1265; x_wconf 78' lang='lat' dir='ltr'><strong>substerni</strong></span> 
     </span>
     <span class='ocr_line' id='line_1_8' title="bbox 265 1313 1347 1428; baseline -0.002 -32"><span class='ocrx_word' id='word_1_45' title='bbox 265 1326 403 1396; x_wconf 74' lang='lat' dir='ltr'><strong>utiliter</strong></span> <span class='ocrx_word' id='word_1_46' title='bbox 427 1326 595 1398; x_wconf 86' lang='lat' dir='ltr'><strong>adversus</strong></span> <span class='ocrx_word' id='word_1_47' title='bbox 618 1322 778 1392; x_wconf 80' lang='lat' dir='ltr'><strong>tonitrua</strong></span> <span class='ocrx_word' id='word_1_48' title='bbox 801 1335 911 1414; x_wconf 83' lang='lat' dir='ltr'><strong>putat</strong></span> <span class='ocrx_word' id='word_1_49' title='bbox 944 1325 1032 1428; x_wconf 87' lang='lat' dir='ltr'><strong>Eius</strong></span> <span class='ocrx_word' id='word_1_50' title='bbox 1048 1313 1158 1397; x_wconf 84' lang='lat' dir='ltr'><strong>verba</strong></span> <span class='ocrx_word' id='word_1_51' title='bbox 1173 1339 1256 1398; x_wconf 88' lang='lat' dir='ltr'><strong>sunt</strong></span> <span class='ocrx_word' id='word_1_52' title='bbox 1273 1352 1303 1416; x_wconf 89' lang='lat'><strong>1,</strong></span> <span class='ocrx_word' id='word_1_53' title='bbox 1319 1331 1347 1397; x_wconf 91' lang='grc'><strong>5.</strong></span> 
     </span>
     <span class='ocr_line' id='line_1_9' title="bbox 180 1435 1349 1562; baseline 0 -30"><span class='ocrx_word' id='word_1_54' title='bbox 180 1435 183 1442; x_wconf 34' lang='lat'><strong><em>¹</em></strong></span> <span class='ocrx_word' id='word_1_55' title='bbox 265 1459 423 1552; x_wconf 73' lang='lat' dir='ltr'><strong>Plurimi</strong></span> <span class='ocrx_word' id='word_1_56' title='bbox 449 1459 556 1562; x_wconf 79' lang='lat' dir='ltr'><strong>etism</strong></span> <span class='ocrx_word' id='word_1_57' title='bbox 579 1457 674 1528; x_wconf 85' lang='lat' dir='ltr'><strong>infra</strong></span> <span class='ocrx_word' id='word_1_58' title='bbox 699 1457 871 1530; x_wconf 88' lang='lat' dir='ltr'><strong>cubilium</strong></span> <span class='ocrx_word' id='word_1_59' title='bbox 890 1468 1084 1530; x_wconf 85' lang='lat' dir='ltr'><strong>stramenta</strong></span> <span class='ocrx_word' id='word_1_60' title='bbox 1097 1463 1269 1554; x_wconf 87' lang='lat' dir='ltr'><strong>graminis</strong></span> <span class='ocrx_word' id='word_1_61' title='bbox 1285 1463 1349 1532; x_wconf 88' lang='lat' dir='ltr'><strong>ali-</strong></span> 
     </span>
     <span class='ocr_line' id='line_1_10' title="bbox 267 1593 1350 1688; baseline 0.002 -24"><span class='ocrx_word' id='word_1_62' title='bbox 267 1593 374 1688; x_wconf 50' lang='lat' dir='ltr'><strong>quid‘,</strong></span> <span class='ocrx_word' id='word_1_63' title='bbox 407 1604 443 1664; x_wconf 88' lang='lat' dir='ltr'><strong>et</strong></span> <span class='ocrx_word' id='word_1_64' title='bbox 466 1595 625 1664; x_wconf 89' lang='lat' dir='ltr'><strong>ramulos</strong></span> <span class='ocrx_word' id='word_1_65' title='bbox 655 1593 769 1681; x_wconf 87' lang='lat' dir='ltr'><strong>lauri,</strong></span> <span class='ocrx_word' id='word_1_66' title='bbox 800 1617 868 1664; x_wconf 88' lang='lat' dir='ltr'><strong>nee</strong></span> <span class='ocrx_word' id='word_1_67' title='bbox 890 1594 1010 1664; x_wconf 88' lang='lat' dir='ltr'><strong>minus</strong></span> <span class='ocrx_word' id='word_1_68' title='bbox 1034 1593 1106 1664; x_wconf 88' lang='lat' dir='ltr'><strong>allii</strong></span> <span class='ocrx_word' id='word_1_69' title='bbox 1133 1597 1250 1688; x_wconf 87' lang='lat' dir='ltr'><strong>capita</strong></span> <span class='ocrx_word' id='word_1_70' title='bbox 1273 1621 1350 1666; x_wconf 89' lang='lat' dir='ltr'><strong>cum</strong></span> 
     </span>
     <span class='ocr_line' id='line_1_11' title="bbox 204 1711 1351 1821; baseline 0.002 -23"><span class='ocrx_word' id='word_1_71' title='bbox 204 1711 208 1729; x_wconf 76' lang='grc'>’</span> <span class='ocrx_word' id='word_1_72' title='bbox 267 1727 375 1800; x_wconf 81' lang='lat' dir='ltr'><strong>clavis</strong></span> <span class='ocrx_word' id='word_1_73' title='bbox 391 1727 520 1800; x_wconf 86' lang='lat' dir='ltr'><strong>ferreis</strong></span> <span class='ocrx_word' id='word_1_74' title='bbox 536 1727 751 1815; x_wconf 81' lang='lat' dir='ltr'><strong>subiiciunt,</strong></span> <span class='ocrx_word' id='word_1_75' title='bbox 779 1751 860 1821; x_wconf 87' lang='lat' dir='ltr'><strong>quae</strong></span> <span class='ocrx_word' id='word_1_76' title='bbox 875 1720 1003 1802; x_wconf 84' lang='lat' dir='ltr'><strong>cuncta</strong></span> <span class='ocrx_word' id='word_1_77' title='bbox 1018 1731 1179 1803; x_wconf 85' lang='lat' dir='ltr'><strong>remedia</strong></span> <span class='ocrx_word' id='word_1_78' title='bbox 1192 1733 1351 1802; x_wconf 87' lang='lat' dir='ltr'><strong>credun-</strong></span> 
     </span>
     <span class='ocr_line' id='line_1_12' title="bbox 192 1859 1353 1958; baseline 0.001 -25"><span class='ocrx_word' id='word_1_79' title='bbox 192 1859 209 1948; x_wconf 55' lang='lat'><strong>¹‚</strong></span> <span class='ocrx_word' id='word_1_80' title='bbox 265 1873 327 1933; x_wconf 89' lang='lat' dir='ltr'><strong>tur</strong></span> <span class='ocrx_word' id='word_1_81' title='bbox 348 1887 426 1934; x_wconf 85' lang='lat' dir='ltr'><strong>esse</strong></span> <span class='ocrx_word' id='word_1_82' title='bbox 448 1863 618 1934; x_wconf 81' lang='lat' dir='ltr'><strong>adversus</strong></span> <span class='ocrx_word' id='word_1_83' title='bbox 636 1861 814 1950; x_wconf 87' lang='lat' dir='ltr'><strong>tonitrua,</strong></span> <span class='ocrx_word' id='word_1_84' title='bbox 841 1862 971 1958; x_wconf 90' lang='lat' dir='ltr'><strong>quibus</strong></span> <span class='ocrx_word' id='word_1_85' title='bbox 993 1863 1164 1938; x_wconf 81' lang='lat' dir='ltr'><strong>vitiantur</strong></span> <span class='ocrx_word' id='word_1_86' title='bbox 1177 1889 1252 1939; x_wconf 80' lang='lat' dir='ltr'><strong>oua.</strong></span> <span class='ocrx_word' id='word_1_87' title='bbox 1305 1865 1353 1936; x_wconf 90' lang='lat' dir='ltr'><strong>Et</strong></span> 
     </span>
     <span class='ocr_line' id='line_1_13' title="bbox 265 1983 1352 2104; baseline 0.002 -38"><span class='ocrx_word' id='word_1_88' title='bbox 265 2009 386 2069; x_wconf 85' lang='lat' dir='ltr'><strong>tamen</strong></span> <span class='ocrx_word' id='word_1_89' title='bbox 410 1997 545 2068; x_wconf 89' lang='lat' dir='ltr'><strong>mirum</strong></span> <span class='ocrx_word' id='word_1_90' title='bbox 567 2006 635 2086; x_wconf 89' lang='lat' dir='ltr'><strong>est,</strong></span> <span class='ocrx_word' id='word_1_91' title='bbox 661 1995 706 2065; x_wconf 90' lang='lat' dir='ltr'><strong>ab</strong></span> <span class='ocrx_word' id='word_1_92' title='bbox 728 1997 910 2096; x_wconf 86' lang='lat' dir='ltr'><strong>AEgyptiis</strong></span> <span class='ocrx_word' id='word_1_93' title='bbox 929 1995 968 2067; x_wconf 91' lang='lat' dir='ltr'><strong>id</strong></span> <span class='ocrx_word' id='word_1_94' title='bbox 994 1983 1210 2104; x_wconf 73' lang='lat' dir='ltr'><strong>impertitum</strong></span> <span class='ocrx_word' id='word_1_95' title='bbox 1231 1999 1352 2088; x_wconf 87' lang='lat' dir='ltr'><strong>fuisse,</strong></span> 
     </span>
     <span class='ocr_line' id='line_1_14' title="bbox 264 2110 1354 2227; baseline 0.003 -27"><span class='ocrx_word' id='word_1_96' title='bbox 264 2142 306 2200; x_wconf 92' lang='lat' dir='ltr'><strong>ut</strong></span> <span class='ocrx_word' id='word_1_97' title='bbox 318 2131 421 2227; x_wconf 80' lang='lat' dir='ltr'><strong>fingit</strong></span> <span class='ocrx_word' id='word_1_98' title='bbox 433 2131 599 2218; x_wconf 86' lang='lat' dir='ltr'><strong>Persius,</strong></span> <span class='ocrx_word' id='word_1_99' title='bbox 624 2153 782 2224; x_wconf 89' lang='lat' dir='ltr'><strong>quorum</strong></span> <span class='ocrx_word' id='word_1_100' title='bbox 798 2131 975 2224; x_wconf 87' lang='lat' dir='ltr'><strong>religione</strong></span> <span class='ocrx_word' id='word_1_101' title='bbox 993 2133 1114 2204; x_wconf 91' lang='lat' dir='ltr'><strong>allium</strong></span> <span class='ocrx_word' id='word_1_102' title='bbox 1130 2135 1170 2204; x_wconf 90' lang='lat' dir='ltr'><strong>in</strong></span> <span class='ocrx_word' id='word_1_103' title='bbox 1183 2135 1264 2206; x_wconf 88' lang='lat' dir='ltr'><strong>Diis</strong></span> <span class='ocrx_word' id='word_1_104' title='bbox 1279 2110 1354 2204; x_wconf 79' lang='lat' dir='ltr'><strong>nu-</strong></span> 
     </span>
     <span class='ocr_line' id='line_1_15' title="bbox 264 2265 1355 2358; baseline 0.002 -24"><span class='ocrx_word' id='word_1_105' title='bbox 264 2265 491 2354; x_wconf 84' lang='lat' dir='ltr'><strong>merabatur,</strong></span> <span class='ocrx_word' id='word_1_106' title='bbox 516 2276 552 2335; x_wconf 90' lang='lat' dir='ltr'><strong>et</strong></span> <span class='ocrx_word' id='word_1_107' title='bbox 574 2287 642 2358; x_wconf 89' lang='lat' dir='ltr'><strong>per</strong></span> <span class='ocrx_word' id='word_1_108' title='bbox 667 2265 788 2334; x_wconf 90' lang='lat' dir='ltr'><strong>allium</strong></span> <span class='ocrx_word' id='word_1_109' title='bbox 812 2265 1020 2356; x_wconf 78' lang='lat' dir='ltr'><strong>iurabatur;</strong></span> <span class='ocrx_word' id='word_1_110' title='bbox 1054 2269 1150 2348; x_wconf 86' lang='lat' dir='ltr'><strong>uude</strong></span> <span class='ocrx_word' id='word_1_111' title='bbox 1167 2281 1203 2342; x_wconf 90' lang='lat' dir='ltr'><strong>et</strong></span> <span class='ocrx_word' id='word_1_112' title='bbox 1215 2268 1355 2340; x_wconf 85' lang='lat' dir='ltr'><strong>Plinius</strong></span> 
     </span>
     <span class='ocr_line' id='line_1_16' title="bbox 264 2395 1359 2504; baseline 0.002 -36"><span class='ocrx_word' id='word_1_113' title='bbox 264 2397 313 2475; x_wconf 83' lang='lat' dir='ltr'><strong>H.</strong></span> <span class='ocrx_word' id='word_1_114' title='bbox 335 2395 380 2468; x_wconf 90' lang='lat' dir='ltr'><strong>N.</strong></span> <span class='ocrx_word' id='word_1_115' title='bbox 401 2415 435 2486; x_wconf 79' lang='lat' dir='ltr'><strong>a,</strong></span> <span class='ocrx_word' id='word_1_116' title='bbox 452 2419 486 2485; x_wconf 76' lang='lat'><strong>7.</strong></span> <span class='ocrx_word' id='word_1_117' title='bbox 511 2398 653 2504; x_wconf 80' lang='lat' dir='ltr'><strong>scribit:</strong></span> <span class='ocrx_word' id='word_1_118' title='bbox 687 2421 754 2490; x_wconf 91' lang='lat' dir='ltr'><strong>per</strong></span> <span class='ocrx_word' id='word_1_119' title='bbox 775 2397 926 2468; x_wconf 81' lang='lat' dir='ltr'><strong>foetidos</strong></span> <span class='ocrx_word' id='word_1_120' title='bbox 953 2399 1052 2468; x_wconf 89' lang='lat' dir='ltr'><strong>cibos</strong></span> <span class='ocrx_word' id='word_1_121' title='bbox 1073 2409 1110 2468; x_wconf 87' lang='lat' dir='ltr'><strong>et</strong></span> <span class='ocrx_word' id='word_1_122' title='bbox 1129 2403 1197 2472; x_wconf 86' lang='lat' dir='ltr'><strong>alia</strong></span> <span class='ocrx_word' id='word_1_123' title='bbox 1219 2401 1359 2472; x_wconf 77' lang='lat' dir='ltr'><strong>similia</strong></span> 
     </span>
     <span class='ocr_line' id='line_1_17' title="bbox 263 2503 1358 2636; baseline 0.001 -35"><span class='ocrx_word' id='word_1_124' title='bbox 263 2532 442 2636; x_wconf 82' lang='lat' dir='ltr'><strong>iurantes3</strong></span> <span class='ocrx_word' id='word_1_125' title='bbox 475 2531 598 2603; x_wconf 82' lang='lat' dir='ltr'><strong>sadud</strong></span> <span class='ocrx_word' id='word_1_126' title='bbox 615 2503 827 2604; x_wconf 83' lang='lat' dir='ltr'><strong>Graecorum</strong></span> <span class='ocrx_word' id='word_1_127' title='bbox 844 2531 1137 2604; x_wconf 88' lang='lat' dir='ltr'><strong>consuetudinem</strong></span> <span class='ocrx_word' id='word_1_128' title='bbox 1154 2543 1190 2602; x_wconf 86' lang='lat' dir='ltr'><strong>et</strong></span> <span class='ocrx_word' id='word_1_129' title='bbox 1204 2533 1358 2604; x_wconf 86' lang='lat' dir='ltr'><strong>Roma—</strong></span> 
     </span>
     <span class='ocr_line' id='line_1_18' title="bbox 264 2665 1361 2744; baseline 0.002 -8"><span class='ocrx_word' id='word_1_130' title='bbox 264 2689 396 2736; x_wconf 90' lang='lat' dir='ltr'><strong>norum</strong></span> <span class='ocrx_word' id='word_1_131' title='bbox 411 2666 514 2744; x_wconf 84' lang='lat' dir='ltr'><strong>Isiaci</strong></span> <span class='ocrx_word' id='word_1_132' title='bbox 529 2667 642 2740; x_wconf 84' lang='lat' dir='ltr'><strong>multa</strong></span> <span class='ocrx_word' id='word_1_133' title='bbox 657 2665 1005 2737; x_wconf 59' lang='lat' dir='ltr'><strong>accommodabitur</strong></span> <span class='ocrx_word' id='word_1_134' title='bbox 1037 2665 1107 2736; x_wconf 91' lang='lat' dir='ltr'><strong>His</strong></span> <span class='ocrx_word' id='word_1_135' title='bbox 1124 2667 1215 2736; x_wconf 90' lang='lat' dir='ltr'><strong>addo</strong></span> <span class='ocrx_word' id='word_1_136' title='bbox 1229 2667 1361 2738; x_wconf 90' lang='lat' dir='ltr'><strong>locum</strong></span> 
     </span>
     <span class='ocr_line' id='line_1_19' title="bbox 265 2791 1361 2894; baseline 0.003 -25"><span class='ocrx_word' id='word_1_137' title='bbox 265 2799 454 2890; x_wconf 88' lang='lat' dir='ltr'><strong>Q.·Sereni</strong></span> <span class='ocrx_word' id='word_1_138' title='bbox 462 2791 691 2891; x_wconf 81' lang='lat' dir='ltr'><strong>Sammonici,</strong></span> <span class='ocrx_word' id='word_1_139' title='bbox 713 2813 832 2894; x_wconf 86' lang='lat' dir='ltr'><strong>poetae</strong></span> <span class='ocrx_word' id='word_1_140' title='bbox 845 2799 956 2892; x_wconf 90' lang='lat' dir='ltr'><strong>primi</strong></span> <span class='ocrx_word' id='word_1_141' title='bbox 970 2800 1106 2890; x_wconf 85' lang='lat' dir='ltr'><strong>saeculi,</strong></span> <span class='ocrx_word' id='word_1_142' title='bbox 1131 2792 1177 2872; x_wconf 70' lang='lat' dir='ltr'><strong>er</strong></span> <span class='ocrx_word' id='word_1_143' title='bbox 1193 2803 1361 2872; x_wconf 84' lang='lat' dir='ltr'><strong>carmine</strong></span> 
     </span>
     <span class='ocr_line' id='line_1_20' title="bbox 265 2901 1359 3032; baseline 0.003 -29"><span class='ocrx_word' id='word_1_144' title='bbox 265 2933 311 3004; x_wconf 88' lang='lat' dir='ltr'><strong>de</strong></span> <span class='ocrx_word' id='word_1_145' title='bbox 326 2935 462 3008; x_wconf 86' lang='lat' dir='ltr'><strong>morbis</strong></span> <span class='ocrx_word' id='word_1_146' title='bbox 477 2949 513 3009; x_wconf 90' lang='lat' dir='ltr'><strong>et</strong></span> <span class='ocrx_word' id='word_1_147' title='bbox 526 2937 741 3010; x_wconf 91' lang='lat' dir='ltr'><strong>morborum</strong></span> <span class='ocrx_word' id='word_1_148' title='bbox 755 2935 946 3026; x_wconf 80' lang='lat' dir='ltr'><strong>remediis,</strong></span> <span class='ocrx_word' id='word_1_149' title='bbox 978 2901 1041 3005; x_wconf 84' lang='lat' dir='ltr'><strong>ubi</strong></span> <span class='ocrx_word' id='word_1_150' title='bbox 1061 2959 1176 3029; x_wconf 86' lang='lat' dir='ltr'><strong>puero</strong></span> <span class='ocrx_word' id='word_1_151' title='bbox 1200 2953 1222 3006; x_wconf 81' lang='lat' dir='ltr'><strong>a</strong></span> <span class='ocrx_word' id='word_1_152' title='bbox 1241 2937 1359 3032; x_wconf 85' lang='lat' dir='ltr'><strong>strige</strong></span> 
     </span>
     <span class='ocr_line' id='line_1_21' title="bbox 263 3070 1433 3177; baseline 0.003 -39"><span class='ocrx_word' id='word_1_153' title='bbox 263 3070 447 3141; x_wconf 49' lang='lat' dir='ltr'><strong>fascinato,</strong></span> <span class='ocrx_word' id='word_1_154' title='bbox 465 3071 605 3162; x_wconf 88' lang='lat' dir='ltr'><strong>allium,</strong></span> <span class='ocrx_word' id='word_1_155' title='bbox 647 3082 829 3163; x_wconf 89' lang='lat' dir='ltr'><strong>tamquam</strong></span> <span class='ocrx_word' id='word_1_156' title='bbox 853 3072 1064 3177; x_wconf 83' lang='lat' dir='ltr'><strong>praesidium</strong></span> <span class='ocrx_word' id='word_1_157' title='bbox 1089 3082 1126 3141; x_wconf 86' lang='lat' dir='ltr'><strong>et</strong></span> <span class='ocrx_word' id='word_1_158' title='bbox 1147 3071 1359 3156; x_wconf 81' lang='lat' dir='ltr'><strong>amuletum,</strong></span> <span class='ocrx_word' id='word_1_159' title='bbox 1432 3083 1433 3086; x_wconf 76' lang='grc'>’</span> 
     </span>
     <span class='ocr_line' id='line_1_22' title="bbox 263 3195 1359 3298; baseline 0.001 -25"><span class='ocrx_word' id='word_1_160' title='bbox 263 3205 431 3296; x_wconf 88' lang='lat' dir='ltr'><strong>praeoipit</strong></span> <span class='ocrx_word' id='word_1_161' title='bbox 451 3207 607 3278; x_wconf 73' lang='lat' dir='ltr'><strong>annecti:</strong></span> <span class='ocrx_word' id='word_1_162' title='bbox 639 3205 843 3294; x_wconf 85' lang='lat' dir='ltr'><strong>„Praeterea</strong></span> <span class='ocrx_word' id='word_1_163' title='bbox 859 3205 891 3274; x_wconf 92' lang='lat' dir='ltr'><strong>si</strong></span> <span class='ocrx_word' id='word_1_164' title='bbox 913 3195 1008 3276; x_wconf 79' lang='lat' dir='ltr'><strong>forte</strong></span> <span class='ocrx_word' id='word_1_165' title='bbox 1022 3207 1157 3298; x_wconf 86' lang='lat' dir='ltr'><strong>premit</strong></span> <span class='ocrx_word' id='word_1_166' title='bbox 1170 3207 1261 3278; x_wconf 85' lang='lat' dir='ltr'><strong>strix</strong></span> <span class='ocrx_word' id='word_1_167' title='bbox 1276 3219 1359 3276; x_wconf 87' lang='lat' dir='ltr'><strong>atra</strong></span> 
     </span>
    </p>
   </div>
   <div class='ocr_carea' id='block_1_4' title="bbox 132 3335 1360 3442">
    <p class='ocr_par' dir='ltr' id='par_1_4' title="bbox 132 3335 1360 3442">
     <span class='ocr_line' id='line_1_23' title="bbox 132 3335 1360 3442; baseline 0.003 -39"><span class='ocrx_word' id='word_1_168' title='bbox 132 3385 136 3390; x_wconf 87' lang='lat'><em>-</em></span> <span class='ocrx_word' id='word_1_169' title='bbox 263 3335 416 3429; x_wconf 88' lang='lat' dir='ltr'><strong>puellos,</strong></span> <span class='ocrx_word' id='word_1_170' title='bbox 442 3337 575 3408; x_wconf 83' lang='lat' dir='ltr'><strong>Virosa</strong></span> <span class='ocrx_word' id='word_1_171' title='bbox 589 3337 803 3442; x_wconf 77' lang='lat' dir='ltr'><strong>immulgens</strong></span> <span class='ocrx_word' id='word_1_172' title='bbox 819 3339 969 3409; x_wconf 86' lang='lat' dir='ltr'><strong>exsertis</strong></span> <span class='ocrx_word' id='word_1_173' title='bbox 986 3340 1100 3412; x_wconf 87' lang='lat' dir='ltr'><strong>ubera</strong></span> <span class='ocrx_word' id='word_1_174' title='bbox 1114 3340 1236 3430; x_wconf 77' lang='lat' dir='ltr'><strong>labris,</strong></span> <span class='ocrx_word' id='word_1_175' title='bbox 1259 3339 1360 3412; x_wconf 82' lang='lat' dir='ltr'><strong>Allia</strong></span> 
     </span>
    </p>
   </div>
   <div class='ocr_carea' id='block_1_5' title="bbox 261 3462 1361 3840">
    <p class='ocr_par' dir='ltr' id='par_1_5' title="bbox 261 3462 1361 3840">
     <span class='ocr_line' id='line_1_24' title="bbox 261 3462 1359 3578; baseline 0.003 -39"><span class='ocrx_word' id='word_1_176' title='bbox 261 3462 436 3578; x_wconf 65' lang='lat' dir='ltr'><strong>praecepit</strong></span> <span class='ocrx_word' id='word_1_177' title='bbox 456 3467 570 3542; x_wconf 84' lang='lat' dir='ltr'><strong>Titini</strong></span> <span class='ocrx_word' id='word_1_178' title='bbox 593 3474 768 3542; x_wconf 82' lang='lat' dir='ltr'><strong>sententia</strong></span> <span class='ocrx_word' id='word_1_179' title='bbox 788 3474 902 3560; x_wconf 83' lang='lat' dir='ltr'><strong>necti,</strong></span> <span class='ocrx_word' id='word_1_180' title='bbox 927 3473 1001 3562; x_wconf 88' lang='lat' dir='ltr'><strong>Qui</strong></span> <span class='ocrx_word' id='word_1_181' title='bbox 1018 3475 1131 3546; x_wconf 81' lang='lat' dir='ltr'><strong>veteri</strong></span> <span class='ocrx_word' id='word_1_182' title='bbox 1148 3475 1265 3544; x_wconf 85' lang='lat' dir='ltr'><strong>clarus</strong></span> <span class='ocrx_word' id='word_1_183' title='bbox 1285 3499 1359 3544; x_wconf 85' lang='lat' dir='ltr'><strong>ex-</strong></span> 
     </span>
     <span class='ocr_line' id='line_1_25' title="bbox 261 3605 1359 3699; baseline 0 -23"><span class='ocrx_word' id='word_1_184' title='bbox 261 3605 392 3698; x_wconf 87' lang='lat' dir='ltr'><strong>pressit</strong></span> <span class='ocrx_word' id='word_1_185' title='bbox 406 3628 508 3676; x_wconf 88' lang='lat' dir='ltr'><strong>more</strong></span> <span class='ocrx_word' id='word_1_186' title='bbox 525 3605 696 3698; x_wconf 83' lang='lat' dir='ltr'><strong>togatas.“</strong></span> <span class='ocrx_word' id='word_1_187' title='bbox 710 3610 744 3692; x_wconf 84' lang='lat'><strong>*)</strong></span> <span class='ocrx_word' id='word_1_188' title='bbox 779 3605 857 3676; x_wconf 91' lang='lat' dir='ltr'><strong>Nec</strong></span> <span class='ocrx_word' id='word_1_189' title='bbox 871 3611 1122 3699; x_wconf 83' lang='lat' dir='ltr'><strong>praetereunda</strong></span> <span class='ocrx_word' id='word_1_190' title='bbox 1138 3609 1251 3681; x_wconf 81' lang='lat' dir='ltr'><strong>verba</strong></span> <span class='ocrx_word' id='word_1_191' title='bbox 1266 3609 1359 3680; x_wconf 87' lang='lat' dir='ltr'><strong>Ma-</strong></span> 
     </span>
     <span class='ocr_line' id='line_1_26' title="bbox 261 3739 1361 3840; baseline 0.005 -32"><span class='ocrx_word' id='word_1_192' title='bbox 261 3741 397 3832; x_wconf 79' lang='lat' dir='ltr'><strong>crobii,</strong></span> <span class='ocrx_word' id='word_1_193' title='bbox 420 3740 562 3811; x_wconf 83' lang='lat' dir='ltr'><strong>Saturn.</strong></span> <span class='ocrx_word' id='word_1_194' title='bbox 583 3765 615 3830; x_wconf 86' lang='lat'><strong>1,</strong></span> <span class='ocrx_word' id='word_1_195' title='bbox 632 3765 665 3836; x_wconf 88' lang='lat'><strong>7.</strong></span> <span class='ocrx_word' id='word_1_196' title='bbox 715 3739 851 3836; x_wconf 87' lang='lat' dir='ltr'><strong>„Quod</strong></span> <span class='ocrx_word' id='word_1_197' title='bbox 865 3743 1032 3815; x_wconf 82' lang='lat' dir='ltr'><strong>sacrificii</strong></span> <span class='ocrx_word' id='word_1_198' title='bbox 1045 3767 1158 3840; x_wconf 86' lang='lat' dir='ltr'><strong>genus</strong></span> <span class='ocrx_word' id='word_1_199' title='bbox 1173 3743 1267 3840; x_wconf 88' lang='lat' dir='ltr'><strong>(quo&#39;</strong></span> <span class='ocrx_word' id='word_1_200' title='bbox 1278 3744 1361 3814; x_wconf 87' lang='lat' dir='ltr'><strong>sci·</strong></span> 
     </span>
    </p>
   </div>
   <div class='ocr_carea' id='block_1_6' title="bbox 262 3967 580 3994">
    <p class='ocr_par' dir='ltr' id='par_1_6' title="bbox 262 3967 580 3994">
     <span class='ocr_line' id='line_1_27' title="bbox 262 3967 580 3994; baseline 0 -4"><span class='ocrx_word' id='word_1_201' title='bbox 262 3967 557 3994; x_wconf 55' lang='grc' dir='ltr'><strong>..Ἥ-</strong></span> <span class='ocrx_word' id='word_1_202' title='bbox 577 3969 580 3977; x_wconf 84' lang='grc'><strong>“</strong></span> 
     </span>
    </p>
   </div>
   <div class='ocr_carea' id='block_1_7' title="bbox 280 4109 1366 4536">
    <p class='ocr_par' dir='ltr' id='par_1_7' title="bbox 280 4109 1366 4536">
     <span class='ocr_line' id='line_1_28' title="bbox 280 4109 1363 4206; baseline 0.018 -36"><span class='ocrx_word' id='word_1_203' title='bbox 280 4109 311 4186; x_wconf 63' lang='lat' dir='ltr'><strong>i)</strong></span> <span class='ocrx_word' id='word_1_204' title='bbox 342 4113 498 4196; x_wconf 86' lang='lat' dir='ltr'><strong>Titinius,</strong></span> <span class='ocrx_word' id='word_1_205' title='bbox 517 4141 558 4182; x_wconf 81' lang='lat' dir='ltr'><strong>ex</strong></span> <span class='ocrx_word' id='word_1_206' title='bbox 572 4119 661 4182; x_wconf 87' lang='lat' dir='ltr'><strong>cuius</strong></span> <span class='ocrx_word' id='word_1_207' title='bbox 680 4123 833 4186; x_wconf 78' lang='lat' dir='ltr'><strong>sententia</strong></span> <span class='ocrx_word' id='word_1_208' title='bbox 850 4123 915 4186; x_wconf 79' lang='lat' dir='ltr'><strong>lraec</strong></span> <span class='ocrx_word' id='word_1_209' title='bbox 930 4125 1073 4206; x_wconf 74' lang='lat' dir='ltr'><strong>precipit</strong></span> <span class='ocrx_word' id='word_1_210' title='bbox 1089 4127 1239 4200; x_wconf 71' lang='lat' dir='ltr'><strong>Sensum,</strong></span> <span class='ocrx_word' id='word_1_211' title='bbox 1261 4133 1363 4188; x_wconf 76' lang='lat' dir='ltr'><strong>vetus</strong></span> 
     </span>
     <span class='ocr_line' id='line_1_29' title="bbox 344 4225 1366 4311; baseline 0.012 -34"><span class='ocrx_word' id='word_1_212' title='bbox 344 4229 412 4279; x_wconf 84' lang='lat' dir='ltr'><strong>erat</strong></span> <span class='ocrx_word' id='word_1_213' title='bbox 420 4225 654 4288; x_wconf 85' lang='lat' dir='ltr'><strong>comoediarum</strong></span> <span class='ocrx_word' id='word_1_214' title='bbox 668 4227 812 4307; x_wconf 86' lang='lat' dir='ltr'><strong>scriptor,</strong></span> <span class='ocrx_word' id='word_1_215' title='bbox 826 4229 1078 4311; x_wconf 79' lang='lat' dir='ltr'><strong>frequentissime</strong></span> <span class='ocrx_word' id='word_1_216' title='bbox 1087 4233 1226 4294; x_wconf 79' lang='lat' dir='ltr'><strong>citatusa</strong></span> <span class='ocrx_word' id='word_1_217' title='bbox 1233 4231 1366 4290; x_wconf 85' lang='lat' dir='ltr'><strong>Gram-</strong></span> 
     </span>
     <span class='ocr_line' id='line_1_30' title="bbox 343 4323 1363 4417; baseline 0.01 -33"><span class='ocrx_word' id='word_1_218' title='bbox 343 4323 481 4388; x_wconf 78' lang='lat' dir='ltr'><strong>maticis:</strong></span> <span class='ocrx_word' id='word_1_219' title='bbox 504 4329 607 4404; x_wconf 77' lang='lat' dir='ltr'><strong>Festo,</strong></span> <span class='ocrx_word' id='word_1_220' title='bbox 622 4331 727 4408; x_wconf 76' lang='lat' dir='ltr'><strong>Nonio</strong></span> <span class='ocrx_word' id='word_1_221' title='bbox 745 4344 777 4394; x_wconf 85' lang='lat' dir='ltr'><strong>et</strong></span> <span class='ocrx_word' id='word_1_222' title='bbox 793 4335 963 4413; x_wconf 85' lang='lat' dir='ltr'><strong>Prisciauo,</strong></span> <span class='ocrx_word' id='word_1_223' title='bbox 988 4336 1040 4417; x_wconf 87' lang='lat' dir='ltr'><strong>qui</strong></span> <span class='ocrx_word' id='word_1_224' title='bbox 1061 4339 1177 4408; x_wconf 78' lang='lat' dir='ltr'><strong>fabulas</strong></span> <span class='ocrx_word' id='word_1_225' title='bbox 1196 4337 1255 4396; x_wconf 84' lang='lat' dir='ltr'><strong>iam</strong></span> <span class='ocrx_word' id='word_1_226' title='bbox 1276 4355 1363 4416; x_wconf 87' lang='lat' dir='ltr'><strong>per-</strong></span> 
     </span>
     <span class='ocr_line' id='line_1_31' title="bbox 344 4431 1317 4536; baseline 0.012 -46"><span class='ocrx_word' id='word_1_227' title='bbox 344 4431 440 4491; x_wconf 83' lang='lat' dir='ltr'><strong>ditas:</strong></span> <span class='ocrx_word' id='word_1_228' title='bbox 462 4431 645 4510; x_wconf 81' lang='lat' dir='ltr'><strong>Psaltrisun,</strong></span> <span class='ocrx_word' id='word_1_229' title='bbox 669 4437 833 4498; x_wconf 79' lang='lat' dir='ltr'><strong>Geminam</strong></span> <span class='ocrx_word' id='word_1_230' title='bbox 847 4453 877 4500; x_wconf 87' lang='lat' dir='ltr'><strong>ut</strong></span> <span class='ocrx_word' id='word_1_231' title='bbox 893 4444 1065 4536; x_wconf 63' lang='lat' dir='ltr'><strong>Herbarum</strong></span> <span class='ocrx_word' id='word_1_232' title='bbox 1083 4442 1140 4526; x_wconf 80' lang='lat' dir='ltr'><strong>ipsi</strong></span> <span class='ocrx_word' id='word_1_233' title='bbox 1156 4443 1317 4506; x_wconf 80' lang='lat' dir='ltr'><strong>uibuunr.</strong></span> 
     </span>
    </p>
   </div>
   <div class='ocr_carea' id='block_1_8' title="bbox 0 0 1474 5208">
    <p class='ocr_par' dir='ltr' id='par_1_8' title="bbox 0 0 1474 5208">
     <span class='ocr_line' id='line_1_32' title="bbox 0 0 1474 5208; baseline 0 2"><span class='ocrx_word' id='word_1_234' title='bbox 0 0 1474 5208; x_wconf 95' lang='lat' dir='ltr'><strong> </strong></span> 
     </span>
    </p>
   </div>
  </div>
 </body>
</html>
