2938 5208
541 491 630 549 sur.
655 495 725 562 vr,
746 491 786 544 a:
943 515 946 522 .
977 575 982 598 ἢ
1139 479 1212 573 495

129 581 337 662 -’--τ·

205 779 239 863 a.
297 755 438 846 „lame
458 751 497 826 iu
518 751 589 824 hcc
611 763 676 824 tuo
696 773 840 825 secessu
859 752 1004 830 chordae
1024 751 1117 849 lyrae
1140 763 1212 828 tuoe

129 893 245 966 adhue
269 901 403 987 vegete
424 909 552 964 severo
575 889 765 984 pulsantur
778 883 942 982 plectro?
948 891 972 930 “
1011 885 1071 964 Ad
1084 911 1213 963 vocem

129 1029 279 1118 tetrico,
312 1043 418 1120 quam
442 1023 544 1096 codd.
570 1023 691 1096 Haun.
715 1024 841 1096 itidem
864 1045 946 1096 cum
971 1031 988 1096 t
1010 1020 1212 1106 urinusculo

127 1164 299 1257 scriptam
314 1160 495 1250 exhibent,
518 1158 568 1230 ita
581 1159 826 1234 casaubonus:
850 1159 964 1262 „Haec
977 1173 1078 1234 vetus
1093 1159 1214 1260 lectio,

129 1319 205 1370 uon
217 1295 426 1386 ,metricos
443 1285 524 1388 ques
544 1305 663 1368 tamen
680 1296 809 1367 codem
821 1296 924 1367 redit.
974 1295 1067 1367 Nam
1084 1295 1214 1370 Tetri-

129 1455 192 1506 cus
213 1455 320 1504 mons
341 1429 575 1518 Sabinorum,
605 1433 713 1504 cuius
734 1429 851 1524 gentis
872 1451 993 1502 mores
1012 1427 1214 1503 severiores

129 1565 236 1636 etiarn
252 1575 329 1636 tum
345 1564 510 1655 suerunt,
531 1567 675 1660 quando
689 1565 837 1660 reliquus
853 1563 963 1638 Italiae
976 1563 1128 1635 solutior
1142 1565 1215 1634 iarn

129 1697 320 1792 disciplina
330 1725 346 1806 3·
366 1699 449 1770 ideo
458 1701 622 1794 „rigidos
634 1699 807 1773 Sabinos“
817 1709 935 1792 poetse
948 1707 1094 1788 vocant,
1118 1699 1214 1770 etde

129 1831 277 1904 illorum
294 1834 426 1904 virtute
442 1835 550 1906 etiarn
561 1835 690 1907 Strabo
705 1831 877 1926 loquitur.
927 1837 1015 1908 Inde
1029 1858 1051 1903 a
1065 1833 1214 1908 Tetrico

129 1966 472 2040 rncuteSsbinorum
480 1969 626 2040 tetricos
638 1968 961 2040 dicimushomines
969 1967 1086 2040 tristes
1094 1980 1214 2040 etuas.

128 2115 282 2184 esaan,
305 2101 422 2195 inquit
443 2101 601 2178 Servius.
650 2101 792 2174 Pectora
809 2101 921 2196 igitur
947 2103 1116 2192 tetricus,
1137 2102 1216 2178 siro

129 2237 317 2326 Tetricus,
342 2259 420 2309 non
439 2245 570 2311 sectam
594 2235 766 2324 Stoicam,
791 2245 832 2306 ut
854 2233 968 2310 facete
984 2235 1215 2332 quidsmha-
1283 2239 1286 2248 '

82 2463 86 2474 ⁴
128 2371 315 2460 riclsntnr,
327 2369 607 2466 ssdpoernatum
622 2371 722 2444 Bassi
737 2402 776 2438 eo
798 2399 926 2450 uam
937 2381 975 2442 et
987 2364 1216 2446 serenatam

126 2515 243 2594 notat,
275 2513 316 2576 ut
336 2527 438 2578 mox:
469 2505 610 2603 pollice
636 2506 824 2578 honeswf‘
857 2477 1068 2598 ingeniosa
1090 2505 1216 2600 utique

127 2639 320 2732 explicatio
333 2639 575 2730 etprobabilis
590 2639 693 2725 adeo,
706 2649 746 2708 ut
753 2640 970 2730 interpretes
979 2637 1074 2728 apud
1080 2636 1217 2708 Seire-

128 2768 265 2844 veliem
280 2769 341 2856 vir
355 2770 487 2840 dictrrri
501 2769 671 2858 fuissent,
695 2793 759 2840 eos
779 2789 1000 2856 accusasse,
1023 2768 1087 2862 qui
1103 2767 1217 2840 tetri·-

129 2925 213 2976 cum
236 2891 453 2993 intelligunt
466 2901 512 2972 de
534 2901 667 2977 Sabino
684 2912 805 2974 monte
820 2903 990 2990 Tcuico,
1019 2902 1051 2972 si
1070 2923 1131 2972 res
1153 2899 1218 2972 illa

129 3036 278 3106 uberius
291 3035 465 3126 explicata
478 3045 579 3105 esset.
639 3034 821 3108 Nimirum
844 3034 1019 3130 Virgilius
1042 3034 1082 3106 iu
1102 3035 1218 3130 copiis

129 3168 288 3257 Sabinis,
313 3169 443 3240 Turno
465 3171 635 3243 adversus
658 3170 838 3244 Troianos
856 3169 1051 3240 auxiliariis
1066 3193 1217 3242 aarum·
1248 3150 1251 3160 ¹

117 3325 202 3400 xque
211 3301 400 3381 domiciliis
417 3304 685 3394 enumerandis,
699 3282 879 3393 „Tetricus
887 3301 1069 3376 horrentis
1080 3305 1217 3397 rupest‘

132 3437 219 3508 dicit
231 3437 315 3510 AEn.
333 3465 368 3534 7,
384 3439 467 3530 715.
493 3440 546 3510 Ita
567 3449 604 3510 et
623 3437 732 3512 Silius
755 3438 896 3510 Italicus
916 3441 952 3529 8,
967 3441 1050 3510 418.
1073 3463 1119 3528 „a
1135 3441 1217 3512 Te-

129 3573 224 3644 trica
245 3575 463 3646 comitantur
483 3597 576 3668 rupe
592 3571 793 3644 cohortes.“
830 3570 887 3646 Ad
901 3574 1020 3644 locum
1037 3573 1217 3666 Virgilia-

130 3708 446 3784 nruniteSerrius:
471 3708 662 3800 „Tetricus
672 3729 774 3782 mons
787 3707 973 3780 inSubinis
987 3709 1217 3802 asperrimus,

130 3841 228 3911 unde
250 3843 368 3912 tristes
390 3843 552 3914 homines
568 3843 713 3914 tetricos
731 3841 917 3914 dicimus.“
954 3844 1141 3936 Frequens
1156 3843 1217 3916 illa

129 3973 347 4046 Sabinorum
362 3999 384 4046 a
400 3977 589 4048 tetricitate
614 3976 874 4065 denominatio,
902 3999 934 4048 r.
952 4001 982 4048 c.
1005 3978 1085 4052 Liv.
1109 4003 1120 4046 1
1127 4031 1140 4065 ,
1159 3981 1213 4050 18.

130 4107 353 4204 „Disciplina
365 4111 492 4182 tetrica
504 4135 545 4180 ae
558 4111 669 4180 tristis
681 4109 933 4182 Sabinorum.“
962 4109 1068 4184 Ouid
1082 4110 1161 4184 Am.
1180 4115 1215 4202 5,

67 4284 71 4293 ι
132 4245 169 4332 8,
186 4243 245 4314 61.
264 4247 468 4338 .,‚Eraequet
479 4245 622 4316 tetricas
635 4245 719 4317 licet
733 4243 796 4316 illa
809 4244 992 4336 Sabinas&
1010 4257 1047 4318 ot
1060 4245 1215 4320 Martisl.

135 4399 168 4466 1,
184 4377 244 4468 63,
264 4401 294 4450 r.
313 4401 346 4450 e.
368 4379 431 4452 ubi
452 4389 534 4452 tetr.
553 4401 634 4450 cum
647 4377 788 4450 Sabinis
802 4378 918 4452 saltim
933 4380 970 4454 in
984 4381 1107 4454 eadem
1124 4405 1215 4453 ora-

130 4511 238 4585 uonu
254 4513 349 4587 orie
363 4517 502 4639 regnu.
523 4515 567 4588 or.
575 4515 743 4610 Propera
760 4535 795 4606 α,
806 4515 867 4605 ss,
882 4517 941 4590 ss.
965 4489 1163 4590 ossum.
1180 4537 1217 4608 2,

294 4932 373 4983 ,ζμ
