2938 5208
501 473 589 530 stt'r.
612 479 682 544 ur„
707 460 766 528 50.
781 459 838 528 br.
1142 467 1212 536 553

128 597 1214 660 -ὴ-...ῃ-..ῑ-ῇ-...Ὗ-...ῄ-

125 727 344 815 Artocroos,
369 727 409 798 iu
433 727 559 822 glossis
582 731 781 804 veteribus:
815 739 964 816 διανομη
1001 764 1121 814 uisne.
1153 741 1212 826 yi-

125 863 291 950 sccratio,
305 885 378 954 qua
389 873 510 954 partes
526 887 590 936 scu
607 865 688 936 offae
703 867 866 936 earnium
883 891 966 938 curn
980 895 1073 962 pain
1087 845 1212 942 distri*
1249 957 1255 970 ¹

40 992 57 1032 ‘¹
126 997 333 1068 buerentur'.
391 997 491 1066 Fieri
515 997 593 1068 lraec
607 982 819 1069 ”distributio
836 1023 907 1072 non
925 1005 1031 1075 modo
1047 1005 1211 1080 infuna-

122 1155 206 1201 rum
224 1139 286 1198 aut
300 1151 484 1202 sacrorum
499 1131 717 1217 solennibus,
736 1133 799 1202 sed
812 1135 896 1204 alias
920 1139 1025 1206 etium
1044 1138 1212 1230 privatim

123 1264 279 1350 solebat,
303 1265 486 1355 captandis
505 1264 805 1357 conciliandisque
821 1267 947 1338 studiis
964 1269 1087 1359 plebis.
1115 1273 1210 1342 Sue*

124 1409 196 1468 ton.
212 1397 301 1468 Coss.
320 1397 377 1469 58.
397 1397 476 1470 Liu.
497 1401 531 1484 a,
550 1420 606 1468 ss.
625 1383 684 1490 59',
701 1399 758 1468 46.
798 1400 889 1468 Cum
908 1403 1121 1474 Oosaubooo
1137 1427 1211 1476 noa

123 1533 267 1603 videtur
282 1531 505 1622 urgendum,
529 1557 575 1602 sn
592 1541 683 1604 esset
698 1533 842 1625 privati,
866 1534 1081 1629 gladiatores
1098 1539 1209 1608 indu-

124 1693 208 1739 corc
231 1677 267 1736 et
289 1665 563 1738 uiscerationem
588 1668 675 1738 dare
699 1693 762 1754 eo,
788 1691 860 1760 quo
881 1667 961 1740 haic
977 1661 1209 1764 proponilur,

122 1799 239 1877 titulo.
276 1798 369 1869 Satis
388 1811 442 1870 cst
454 1799 538 1870 huic
555 1801 729 1872 orationis
744 1803 862 1888 seriei,
877 1803 1040 1896 exempla
1055 1805 1208 1896 publicas

121 1947 159 2009 ct
173 1947 391 2028 sumptuoso
405 1934 603 2026 largitionis
618 1935 752 2021 afferri,
771 1935 815 2004 de
826 1937 955 2028 quibus
963 1937 1092 2007 Cicero
1102 1937 1205 2008 tltlic.
1239 2019 1242 2028 Ἰ

123 2097 158 2159 2,
179 2071 233 2143 ιθ.
257 2067 429 2158 „Prodigi
444 2057 558 2161 epulis
574 2079 610 2140 ct
622 2069 929 2157 viscerationibus,
954 2069 1124 2142 ludorum
1141 2093 1208 2144 re·-

119 2199 379 2294 nationumque
397 2213 570 2294 apparatu
582 2203 756 2296 pecunias
771 2202 1033 2294 profundente

197 2339 254 2408 51.
272 2337 331 2406 52.
383 2333 537 2426 Vulgata
551 2335 657 2407 lectio
674 2335 779 2423 „Non
796 2336 911 2440 adeo“
925 2337 1020 2408 baud
1030 2338 1206 2430 probatur

116 2473 221 2544 libris
242 2469 505 2561 antiquioribus
532 2491 613 2551 cunr
638 2469 781 2562 scriptis
802 2480 878 2541 tuor
904 2471 1104 2564 impressis,
1143 2470 1206 2563 qni

116 2607 332 2700 plerumque
349 2591 472 2692 legunt
489 2601 573 2671 Non
587 2605 715 2676 eracleo.
742 2606 794 2672 Ita
808 2603 910 2672 codd.
927 2603 1047 2674 Houn.
1064 2625 1206 2674 ornnes:

120 2737 207 2810 Non
222 2735 360 2816 audeo,
386 2733 526 2825 inquis,
551 2721 685 2822 praeter
704 2757 737 2801 n.
756 2735 790 2802 5.
816 2733 875 2802 cui
897 2757 922 2802 u
944 2735 982 2802 in
1007 2735 1205 2806 audeovi-
1316 2796 1321 2823 ,

119 2875 226 2944 detur
240 2867 348 2935 litura
361 2863 551 2934 sublatum:
601 2865 675 2934 Pro
696 2865 841 2956 antiqno
864 2863 1017 2938 lectione
1032 2866 1143 2959 aliqui
1158 2869 1205 2938 ob

118 3017 276 3079 metrum
300 2999 539 3092 scripserunt:
578 2995 698 3086 „hund
726 3000 877 3070 audeo.“
920 2998 1009 3070 ›Hoo
1032 2999 1204 3093 scriptum

120 3139 289 3212 exhibent
311 3133 450 3202 codices
472 3127 615 3204 Pithoe'i
638 3145 674 3203 et
689 3131 780 3202 alius
795 3131 886 3203 Elias
903 3133 1022 3204 Viueti
1032 3189 1044 3222 ,
1069 3135 1114 3203 de
1131 3159 1203 3228 quo

120 3277 198 3347 ille:
225 3273 346 3359 „Inter
363 3265 475 3336 multo
488 3269 708 3360 exemplaria
724 3279 873 3354 vetusto,
889 3265 970 3362 quie
984 3267 1202 3337 excussimus

119 3405 407 3496 evolvimusquc,
431 3403 576 3473 unicum
591 3403 686 3494 ruit,
699 3405 812 3496 quod
831 3403 890 3474 hic
911 3405 1057 3474 beteret
1083 3401 1204 3490 „haud

119 3545 258 3613 ondeo“
273 3563 343 3632 pro
356 3561 457 3626 „non
475 3539 628 3610 audeo.“
678 3537 836 3610 Obertus
852 3539 1029 3625 Gilanius,
1053 3537 1202 3610 Collect.

119 3679 156 3746 in
170 3677 283 3746 libros
298 3671 461 3742 Lucretii
475 3694 621 3744 versum
634 3675 684 3766 ita
699 3673 797 3743 citot:
824 3673 1020 3764 „Largiorz
1047 3695 1092 3740 an
1107 3694 1201 3762 pro-

117 3803 243 3883 hibes?
267 3807 325 3876 dic
339 3801 452 3874 clarc!
477 3803 723 3897 Haudoudeo,
749 3807 899 3901 inquit,“
921 3807 1100 3898 additque,
1114 3803 1198 3874 lllsa
1300 3779 1306 3788 ⁵

120 3945 255 4036 aliquot
269 3951 404 4025 venusto
419 3939 497 4010 haec
510 3939 654 4011 habere.
681 3941 768 4010 Cod.
782 3942 888 4012 etiam
903 3939 1088 4010 Parisinus
1103 3937 1199 4010 We-

118 4081 215 4150 beri:
243 4077 360 4167 „baud
375 4063 526 4147 audeot‘
553 4075 704 4144 Hiaturn
721 4075 772 4143 nil
788 4065 928 4144 obstare
943 4073 1200 4161 existimabant,

117 4239 200 4284 curn
223 4213 292 4283 hoc
316 4211 396 4280 loco
421 4210 648 4280 distinctione
673 4209 895 4300 corrigatur,
928 4219 967 4278 ut
990 4207 1154 4294 Discite,
1177 4231 1200 4276 o
1293 4215 1300 4238 ⁸

119 4353 152 4434 3,
166 4347 276 4418 tta-ot
289 4369 445 4443 „prunuz
474 4344 613 4415 honos“
628 4343 728 4434 Virg.
744 4343 818 4414 licl.
836 4363 870 4428 2,
888 4345 944 4418 55.
971 4340 1075 4412 Conl.
1092 4343 1198 4410 Ceus.
1271 4384 1275 4395 ι

116 4485 254 4557 lenens.
281 4480 373 4574 Aug.
400 4481 468 4554 Lit.
495 4483 532 4552 Z.
556 4479 658 4550 1825.
676 4477 761 4573 Apr.
794 4479 1057 4576 Cacophouiaor
1079 4473 1228 4572 „baud'
