2984 5204
246 747 357 834 toris,
389 761 463 836 qua
483 687 782 836 insufflamus,
822 759 897 808 non
921 732 966 808 ad
995 757 1118 809 reram
1138 737 1337 812 libertatem

247 875 523 952 ministrandam
540 883 661 967 aptare,
683 880 788 965 caput
804 873 1013 944 manumissi
1029 873 1196 963 percutit,
1216 849 1292 950 dia.
1305 901 1334 946 ι.

112 1075 117 1082 .
232 1016 307 1116 .88.
340 1011 396 1084 Ad
419 988 544 1084 vocem
565 1007 775 1103 ineptuscf.
795 1007 869 1078 Cic.
887 1009 932 1102 de
946 1005 1103 1080 Oratore
1120 1029 1154 1094 a,
1171 1008 1206 1077 4.
1260 1009 1335 1078 Fe-

248 1161 393 1218 stucam
421 1145 530 1213 etiarn
564 1163 633 1233 pro
666 1141 949 1214 manumissione
977 1141 1068 1212 dixit
1087 1141 1242 1224 Plautus,
1262 1141 1337 1214 Mil.

151 1278 157 1293 ‘
227 1249 337 1378 glor.
365 1271 449 1368 syl,
467 1279 522 1348 15.

306 1455 309 1472 ’
329 1481 519 1576 176-1.79.
571 1479 717 1552 Novum
731 1473 835 1552 affert
856 1479 1058 1576 exemplam
1075 1437 1336 1568 servitiiJam-

183 1649 186 1660 ’
248 1619 440 1704 bitionem,
465 1601 537 1706 qua
557 1613 620 1706 qui
636 1615 881 1710 magistratum
898 1615 1069 1708 petebant
1091 1614 1253 1686 savorem
1268 1639 1337 1706 po-

248 1728 327 1847 puli
349 1749 418 1820 sibi
440 1747 705 1826 conciliandum
731 1747 979 1837 elaborarunt,
1004 1749 1138 1821 civium
1161 1773 1336 1844 quemque

247 1883 466 1984 prensando,
490 1881 668 1974 rogando,
693 1880 824 1982 blande
839 1880 1072 1974 appellando,
1097 1881 1179 1953 non'
1186 1885 1334 1978 proprio

178 2100 182 2114 .
247 2007 415 2106 nomine,
438 2017 506 2086 sed
525 2013 751 2101 honestiore,
776 2025 817 2084 nt
838 2027 997 2108 patrem,
1021 2017 1188 2107 fratrem,
1211 2031 1334 2112 patro-

164 2241 170 2250 ·
247 2181 334 2227 nram
349 2152 555 2238 salutando,
580 2149 668 2242 quin
683 2149 878 2242 congiariis
895 2151 1033 2240 dandis,
1057 2153 1219 2246 prandiis
1238 2177 1336 2247 prae-

167 2274 170 2284 ¹
247 2287 396 2374 bondis,
421 2284 678 2377 gladiatoribus
694 2281 927 2372 exhibendis,
953 2287 1116 2378 pecuniis
1135 2287 1336 2379 erogandis,

246 2421 286 2492 iu
317 2441 398 2513 quae
423 2439 577 2486 munera
606 2419 736 2488 multos
756 2418 974 2508 patrimonia
996 2421 1081 2488 satis
1107 2420 1225 2512 ampla
1245 2447 1338 2492 con-

248 2554 441 2646 sumpsisse
455 2559 604 2620 constat.
641 2551 784 2641 Quanta
795 2531 865 2620 bac
880 2549 919 2618 in
933 2574 975 2620 re
989 2551 1100 2620 suerit
1114 2551 1338 2642 impudentia

206 2721 210 2730 ·
247 2691 516 2772 Romanorum,
541 2693 579 2754 et
593 2684 706 2776 ipsius
719 2685 906 2757 Ciceronis
928 2686 973 2756 de
990 2709 1053 2754 sua
1069 2685 1261 2754 ambitione
1275 2685 1337 2756 lo-

249 2822 406 2918 quentis,
432 2821 511 2890 loca
528 2819 729 2924 'ostendunt
749 2819 862 2912 Epist
889 2819 936 2890 ad
956 2818 1026 2890 Ast.
1046 2839 1078 2907 a,
1099 2841 1152 2923 ¹¹7·
1176 2819 1222 2888 ad
1235 2821 1335 2893 Fam.

207 2966 212 2978 '
252 2982 291 3029 ιι
298 3007 310 3046 ,
326 2977 383 3056 η.
411 2955 456 3026 de
479 2954 585 3025 Petit.
611 2951 745 3024 consul.
774 2955 795 3024 5
822 2965 859 3024 et
880 2953 912 3023 8.
939 2953 1004 3023 Or.
1027 2975 1096 3045 pro
1117 2953 1263 3026 Plancio
1282 2978 1337 3026 10.

248 3093 361 3164 Codd.
380 3091 502 3162 Haun.
520 3091 552 3160 5.
572 3089 606 3159 6.
629 3089 793 3176 „iusne.“
822 3087 969 3158 Chemn.
987 3087 1141 3158 Vi'imor.
1160 3099 1196 3158 ct
1215 3088 1335 3159 Iloua.

251 3251 283 3331 a.
303 3251 336 3320 7.
363 3247 445 3294 cum
460 3221 662 3310 Passowio,
688 3219 829 3322 Orellio
843 3220 1074 3292 etWebero:
1101 3222 1214 3294 ducit.

321 3409 402 3514 177}
455 3417 610 3492 Caelata
633 3417 796 3492 ansbitio.
849 3380 925 3512 Qui
947 3422 1174 3516 magistratus
1195 3423 1337 3494 ambic-

133 3577 139 3590 “
246 3562 351 3650 baut,
375 3577 449 3626 non
473 3555 631 3624 contenti
654 3555 763 3623 insito
784 3552 876 3625 lanae
901 3551 1044 3644 colore,
1071 3547 1205 3628 cretam
1221 3559 1338 3628 adde-

247 3695 333 3774 bant
355 3679 401 3762 in¹
417 3699 571 3792 vestem,
601 3681 645 3761 “ut
665 3690 893 3759 candesceret
917 3701 953 3758 ct
976 3687 1193 3781 splenderet
1255 3693 1338 3764 Hac

246 3839 333 3900 nota
347 3825 493 3898 discreti
508 3849 530 3894 a
545 3822 673 3915 vulgo,
699 3823 785 3893 dicti
800 3833 882 3892 sunt
896 3823 1094 3904 Candidati.
1122 3827 1250 3921 „Toga
1267 3827 1340 3897 ad-

247 3959 323 4030 dita
336 3973 436 4032 creta
447 3957 635 4032 candidior
652 3961 689 4028 et
708 3957 922 4051 insignior.“
946 3958 1073 4030 Isidor.
1096 3963 1151 4049 14,
1170 3965 1227 4031 24.
1279 3962 1341 4034 De

245 4087 316 4160 hoc
331 4105 440 4164 cretae
456 4094 697 4164 additamento
714 4092 840 4166 Livius
856 4095 891 4180 tl,
910 4098 967 4166 25.
1007 4091 1154 4182 „Placet
1165 4093 1342 4165 tollendae

52 4311 58 4324 x
179 4323 180 4328 ἵ
246 4199 448 4294 ambitionis
464 4247 588 4296 caussa
603 4225 766 4302 tribunos
790 4226 906 4318 legem
928 4227 1160 4327 promulgare
1169 4279 1186 4351 ,k
1205 4252 1252 4299 ne
1278 4230 1344 4300 cui

245 4358 367 4430 album
382 4357 420 4428 iu
430 4361 684 4432 vestimentum
699 4361 834 4430 addere
841 4359 1024 4452 petitionis
1036 4361 1160 4434 liceret
1170 4387 1297 4435 caussa
1307 4365 1345 4456 ;“

244 4493 440 4564 “Plautia
454 4490 534 4563 Aul·
552 4491 587 4580 42
604 4515 638 4580 9,
654 4491 688 4563 6·
729 4493 828 4583 „Qui
844 4499 973 4568 vestitu
992 4507 1140 4570 etcreta
1158 4499 1348 4570 occultant
1402 4595 1407 4606 .
