3052 5202
583 501 670 552 sar.
692 503 774 568 111.‚
803 503 862 551 ro..
1188 487 1259 556 251

176 622 1281 654 *ml

177 762 293 828 otiosa
310 767 346 828 et
360 755 521 826 affectata
534 755 573 826 in
586 767 687 829 textu
703 743 894 846 eisterent,
946 757 1093 828 Rectius
1110 759 1262 852 antiqui:

180 889 408 996 illurmcllius
437 901 473 960 et
494 893 673 981 Bondius,
714 915 871 986 quorum
890 891 969 990 ille:
1007 888 1103 981 „iam
1124 889 1265 985 capillis

182 1025 387 1116 compositis
402 1036 438 1094 et
453 1026 586 1120 peris,¹
602 1029 738 1119 accepit
752 1027 790 1094 in
807 1051 938 1098 rnanus.
949 1025 1119 1118 librum,“
1138 1039 1174 1098 et
1186 1027 1264 1100 hie:
1299 1099 1304 1112 ,

181 1163 279 1246 „lam
293 1161 355 1229 ubi
371 1185 395 1230 e
406 1183 530 1230 somno
546 1161 611 1232 istc
628 1161 733 1250 piger
750 1161 935 1248 excitatur,
961 1161 1097 1252 capillis
1112 1165 1214 1254 pexis
1228 1173 1264 1232 et

180 1294 410 1365 inordinern
432 1293 631 1384 dispositis,
657 1292 749 1362 liber
770 1287 836 1362 &a
861 1296 987 1364 Iureni
1011 1295 1144 1364 scilicet
1163 1295 1264 1364 molli
1340 1279 1365 1358 1'
1393 1345 1398 1356 .

182 1439 217 1498 et
239 1427 410 1538 delicato,
436 1429 503 1524 qui
523 1429 724 1499 studiorum
745 1429 904 1534 laborem
928 1451 1029 1519 aeqne
1052 1451 1093 1495 ae
1119 1426 1266 1496 desidite

184 1562 322 1638 crimen
337 1565 497 1656 effugere
512 1573 634 1648 tentat,
653 1563 715 1633 illa
730 1564 824 1634 inter
836 1562 1016 1655 pectinem
1031 1571 1066 1629 ct
1080 1559 1266 1663 speculum

183 1698 370 1789 occupatio
399 1696 642 1770 conveniebat.
664 1699 701 1784 Ὅ
757 1699 849 1770 Sunt
871 1697 1016 1792 quidem
1036 1697 1265 1788 interpretes,

197 2001 224 2077 *l
265 2005 330 2084 Qui
347 2003 485 2080 dubim,
512 2023 553 2068 an
567 2001 632 2068 riri
651 2023 739 2064 more
753 2006 902 2086 antiquo,
929 2004 1011 2086 sieut
1024 2003 1189 2074 midicres,
1214 2020 1267 2058 aa·

269 2108 362 2187 pillos
381 2106 630 2187 composuerint,
651 2111 741 2169 adeat
760 2112 905 2170 Servium
928 2111 966 2168 ad
992 2107 1114 2168 AEneid.
1134 2125 1180 2176 ιο,
1198 2107 1267 2172 3:52,

267 2211 393 2271 Cultum
415 2211 599 2292 capillorum
627 2215 665 2272 ab
696 2213 821 2293 ingenio
842 2213 934 2274 huius
957 2213 1061 2274 sreculi
1082 2231 1144 2272 non
1170 2209 1265 2270 luisse

267 2315 420 2391 alienum,
454 2317 529 2396 quin
557 2339 640 2378 novo
663 2319 850 2378 instructanr
871 2337 936 2378 esse
957 2317 1052 2387 luxu,
1090 2317 1203 2375 velex
1226 2335 1276 2372 eo·

263 2429 365 2500 patet,
382 2415 464 2501 quod
482 2424 570 2484 Nero
592 2443 731 2500 „comam
755 2439 878 2503 semper
899 2423 933 2484 in
954 2421 1066 2502 gradus
1090 2419 1281 2491 formatium·

266 2525 358 2585 ctiam
373 2546 457 2604 pone
474 2530 636 2606 verticem,
658 2527 875 2602 sunrnriserit,“
897 2528 1164 2590 Sueton.Ner.51.
1182 2520 1267 2601 quod

264 2631 327 2691 viri
362 2631 496 2692 Romani
529 2631 675 2692 canitiem
712 2633 868 2692 adscititia
899 2633 1062 2710 nigredine
1106 2625 1267 2698 tinxerint,

268 2736 406 2796 Martial.
420 2741 448 2808 5,
466 2741 516 2797 43.
537 2737 566 2810 6,
582 2739 631 2812 57.
652 2747 684 2794 ct
702 2734 784 2814 quod
806 2737 1006 2810 Domitianus
1032 2731 1147 2831 librum
1163 2727 1201 2785 dc
1214 2745 1269 2784 ca-

267 2837 414 2916 pillosum
431 2859 507 2897 cura
519 2838 667 2914 ediderit,
686 2839 770 2896 Suet.
787 2839 882 2898 Dom.
903 2849 948 2907 ¹8·
988 2831 1188 2897 Immodicam
1200 2830 1268 2888 Ilo-

267 2961 430 3000 manernm
460 2941 493 3002 in
529 2941 618 3002 conia
640 2945 777 3002 curanda
802 2939 997 3000 sedulitatem
1023 2935 1202 3019 perstringit
1225 2933 1270 2992 ita

271 3039 400 3120 Seneca,
421 3046 529 3105 Persio
546 3051 687 3111 coaluus:
709 3045 838 3122 „Quint
861 3045 930 3104 illos
946 3045 1059 3102 otiosos
1073 3063 1175 3114 vocas,
1196 3039 1268 3120 qni-

268 3151 327 3210 bus
339 3150 422 3228 apud
436 3160 595 3210 tonsorem
611 3147 715 3210 multe
734 3150 818 3208 horae
836 3149 1102 3222 transmittuntur,
1124 3145 1195 3205 dum
1213 3145 1271 3202 de·

269 3254 427 3334 carpitur,
456 3251 483 3312 si
500 3253 575 3334 quid
591 3253 736 3334 proxima
753 3261 844 3314 noete
858 3252 1026 3328 succrevit,
1050 3254 1122 3312 dnm
1144 3251 1183 3312 de
1204 3249 1270 3310 sin-

268 3357 349 3438 gulis
364 3356 486 3438 capillis
507 3358 542 3420 in
567 3360 731 3422 consilium
747 3359 928 3437 itur,·durn
953 3355 1163 3430 ineuntem,
1181 3375 1270 3417 coma

267 3465 460 3542 restituitur,
499 3477 552 3528 aut
581 3466 728 3528 deficiens
751 3465 825 3530 hinc
853 3475 944 3548 atque
964 3466 1052 3542 illinc
1074 3465 1107 3524 iu
1127 3465 1268 3528 l'routem

269 3571 494 3652 compellitur?
548 3573 718 3649 Quomodo
744 3573 939 3646 irascuntur,
971 3571 996 3631 si
1026 3583 1133 3632 tonsor
1163 3565 1268 3648 paullo

267 3677 474 3758 negligentior
489 3677 575 3740 tuit?
610 3687 754 3758 tanquam
776 3677 880 3738 tirum
898 3677 1055 3738 tonderet!
1102 3667 1269 3749 Quomodo

267 3783 511 3854 excandescunt,
533 3779 560 3844 si
582 3780 657 3860 quid
682 3801 722 3840 cx
744 3781 892 3842 iubesne
916 3780 1054 3840 decisum
1071 3785 1129 3848 cst,
1151 3768 1271 3848 siquid

270 3895 358 3942 extra
375 3886 517 3945 ordinem
533 3884 647 3959 iacuit,
666 3886 728 3944 nisi
744 3888 847 3946 onmia
862 3886 896 3944 iu
912 3883 1130 3942 annnlossuos
1146 3873 1270 3933 recide-

217 4034 219 4044 ,
270 3985 367 4047 runtl
410 3987 489 4064 Quis
515 3998 561 4046 est
584 3987 733 4062 istorum,
771 3989 825 4068 qni
848 4009 909 4047 non
932 3983 1021 4054 malit
1045 3975 1269 4058 rempublicam
1357 4008 1360 4020 ·

270 4109 357 4150 suam
377 4089 519 4163 turbmi,
542 4109 633 4168 quam
657 4093 799 4152 comma?
820 4091 875 4170 qui
896 4109 963 4152 non
986 4075 1149 4148 sollicitior
1170 4083 1210 4144 sit
1228 4083 1268 4144 de

271 4194 381 4274 capitis
395 4193 444 4254 sui
460 4193 583 4270 decore,
605 4195 753 4275 quamde
769 4194 888 4256 salute?
909 4194 963 4275 qui
979 4215 1042 4282 non
1056 4191 1187 4252 comtim·
1202 4211 1267 4250 csse

271 4297 376 4372 malit,
405 4319 497 4377 qnam
523 4295 711 4362 honestior?
749 4301 827 4364 ,Hos
852 4309 884 4361 tu
910 4299 1024 4380 otiesop
1046 4319 1152 4375 vocas,
1184 4295 1267 4358 inter

271 4404 428 4485 pectinem
453 4402 673 4486 speculumque
698 4405 911 4488 occupatosl“
944 4405 983 4467 dc
1003 4405 1159 4468 Brevitate
1185 4402 1265 4462 vita
1334 4407 1339 4414 '

275 4529 323 4588 12,
339 4531 365 4572 r.
383 4527 413 4571 a.
