2868 5200
232 500 238 521 '
301 508 348 575 06
431 516 450 584 ,²
506 493 509 502 ¹
689 523 839 590 samu,
870 509 1007 600 15.18.

300 649 507 674 -..........

301 784 445 876 lemque
464 766 601 866 rocem,
627 791 757 872 atquae
774 802 842 872 per
857 760 981 850 omues
996 783 1239 853 intensionum
1254 782 1376 854 remis-

300 919 515 1008 sionumque
541 932 714 984 numeros
741 914 836 984 flecti
862 915 1018 1010 ducique
1041 928 1181 1010 posset,
1207 927 1379 986 utcontra

299 1057 392 1118 tata
402 1065 486 1117 tvo·
503 1048 657 1138 rigidam
673 1057 709 1115 et
724 1059 958 1137 monotonon,
976 1073 1058 1143 quae
1074 1049 1209 1124 variari
1225 1051 1378 1121 versari-

299 1205 370 1274 que
389 1201 464 1250 non
479 1191 609 1272 posset.
662 1177 721 1249 Sic
745 1213 834 1261 μετα
855 1193 1070 1264 alanino:
1096 1191 1224 1249 ditm
1249 1184 1380 1253 Graecis

299 1327 369 1384 est:
406 1287 1148 1395 oolvnopnrmtolulmuoawalerannus,
1183 1317 1294 1386 mulla
1316 1341 1380 1389 vlt-

297 1422 426 1520 rietate
450 1452 531 1520 soni
561 1450 648 1520 tibia
674 1459 822 1533 canere,
858 1448 917 1516 eui
942 1451 1183 1522 eontrarium:
1205 1459 1382 1518 datatim

297 1596 439 1660 tutem,
478 1581 649 1670 sinclullo
667 1601 839 1658 sonorum
855 1577 953 1646 flexu
971 1591 1007 1647 et
1022 1582 1205 1653 varietate.
1258 1586 1383 1658 Theo-

296 1689 464 1812 Plll'flsllls
488 1714 582 1787 Hlsl.
606 1712 720 1782 Plani·
748 1702 802 1799 4,1
824 1689 913 1780 '12:.
945 1719 1034 1794 ἡνίκ’
1060 1721 1166 1797 :irrisu
1193 1726 1383 1800 delatras,

298 1853 396 1946 quod
419 1847 558 1922 Plinius
575 1846 624 1918 H.
641 1846 689 1918 N:
708 1845 770 1934 16,
795 1845 863 1916 56..
883 1845 934 1914 sio
959 1847 1096 1917 reddit:
1141 1874 1246 1938 „eum
1270 1853 1386 1922 adhuc

298 1985 452 2077 simplici
464 1983 602 2054 musica
615 1983 842 2052 uterentur.“
863 1979 992 2052 Paullo
1004 1995 1087 2078 post
1096 1983 1384 2076 Theophrastus:

298 2129 421 2198 ἐπειδη
440 2127 476 2182 δε
496 2127 547 2182 a'rt
572 2145 635 2194 spu
653 2123 1022 2200 πλασινμετεβησαν,
1065 2143 1147 2213 quae
1172 2119 1311 2191 Plinius
1336 2121 1387 2189 ita

296 2252 484 2322 transfert:
506 2249 510 2256 ’
528 2261 742 2340 „postquam
764 2251 921 2321 varietas
935 2254 1083 2320 accessit
1099 2265 1135 2321 ct
1150 2265 1275 2323 cannas
1286 2278 1386 2346 quo-

297 2356 563 2478 queluiruria.“
613 2368 696 2450 Hoc
712 2405 821 2452 sensu
838 2383 951 2454 verba
965 2383 1202 2473 Quinctiliani
1217 2391 1300 2458 lust.
1318 2389 1385 2459 Or.

246 2595 250 2608 ¹
302 2545 340 2606 1,
365 2521 399 2589 8.
434 2515 728 2607 interpretanda:
780 2517 857 2606 „Sit
882 2517 1049 2610 inprimis
1080 2517 1185 2586 lectio
1211 2519 1327 2589 virilis
1351 2531 1389 2588 et

297 2677 380 2724 cum
402 2651 575 2723 suavitate
599 2650 752 2742 quadam
777 2651 915 2742 gravis,
948 2661 984 2722 et
1003 2673 1077 2720 non
1090 2649 1244 2744 ¹quidem
1265 2675 1388 2754 prosae

296 2787 434 2874 similis,
456 2785 543 2895 quia
557 2805 702 2854 carmen
718 2795 783 2876 est,
806 2795 842 2856 et
856 2809 895 2856 se
910 2796 1028 2878 poetas
1043 2807 1175 2856 cauere
1190 2797 1389 2854 testantur:

232 2935 237 2947 '
296 2945 371 2992 non
393 2933 514 2990 tamen
535 2921 574 2989 in
591 2921 769 2989 canticum
788 2917 976 3009 dissoluta,
1009 2941 1077 2990 nec
1099 2919 1316 3016 plasntote,
1348 2931 1392 2988 ut

295 3077 393 3128 nune
418 3078 441 3123 a
459 3053 644 3148 plerisque
667 3054 725 3140 fit,
761 3053 1009 3148 effeminata35‘
1032 3052 1116 3141 ubi,
1153 3054 1184 3121 si
1206 3077 1290 3140 curn
1310 3037 1392 3122 Ca·-

297 3193 477 3278 saubono,
509 3189 624 3280 etqui
637 3203 723 3256 eunt
737 3159 939 3280 sequtlntur
956 3187 1121 3256 omnibus
1130 3235 1141 3276 ,
1173 3187 1219 3257 de
1235 3188 1392 3282 potione

297 3322 511 3415 cogitaveris
532 3331 567 3388 et
582 3319 863 3410 sorbitiuncula,
897 3345 969 3414 qua
983 3311 1234 3395 colluebantur
1251 3321 1400 3424 fauces,

296 3479 343 3556 ne
357 3455 562 3524 'raucedine
579 3473 735 3544 aspera:
757 3475 885 3524 vocem
909 3465 1206 3548 corrumperent,
1246 3453 1394 3544 plasma

296 3592 357 3663 rix
375 3597 469 3677 esset
483 3587 684 3657 terendum.
737 3587 794 3656 De
812 3589 880 3656 ista
894 3589 932 3654 in
948 3589 1170 3658 carminibus
1186 3585 1395 3655 recitandis

296 3722 521 3792 affectatione
537 3725 690 3793 Seneca:
741 3721 864 3812 „Quid
879 3719 949 3806 illi,
976 3721 1038 3814 qui
1054 3720 1093 3789 in
1109 3719 1395 3812 componendis,

296 3857 496 3947 audiendis,
523 3856 683 3954 (licendis
698 3856 844 3926 canticis
861 3856 1001 3978 operati
1017 3866 1114 3927 runt:
1140 3855 1227 3924 dunt
1241 3877 1394 3940 vocem,

251 4053 253 4062 .
295 3995 397 4064 cuius
413 4003 552 4062 rectum
568 4015 714 4061 cursum
730 4002 860 4060 natura
882 4001 918 4058 et
937 3990 1115 4082 optimum
1132 3999 1168 4059 et
1185 3985 1396 4081 simplicis-

295 4125 425 4192 simum
449 4125 553 4213 lecit,
593 4127 731 4210 inflexu
759 4122 1016 4196 modulationis
1045 4124 1273 4195 inertissimae
1301 4133 1396 4190 tor-

295 4251 430 4348 quent?
481 4257 650 4346 Quorum
672 4243 774 4350 digiti
793 4257 941 4351 aliquod
958 4232 1116 4328 interae
1132 4277 1277 4327 cannen
1299 4275 1396 4322 me·-

293 4391 423 4458 tientes
446 4411 592 4480 semper
619 4403 778 4484 sonant3·
810 4415 968 4484 quorum
995 4413 1079 4458 curn
1104 4391 1151 4458 ad
1173 4386 1395 4472 res-serios,

294 4547 390 4614 saepe
406 4533 442 4592 et
453 4521 592 4609 tristes,
615 4523 768 4593 adhibiti
788 4535 890 4612 sunt,
917 4523 1110 4594 exauditur
1122 4519 1230 4590 tacita
1243 4517 1396 4596 modu-
