3052 5202
282 467 356 540 258
658 481 746 532 sur.
773 481 856 546 uu,
883 461 940 528 48.
956 461 1013 552 49.
1060 565 1071 576 ι

1204 597 1366 636 ...η-

285 767 317 835 r,
333 741 387 836 6„
406 737 538 828 „Senio
569 761 635 808 nee
665 747 828 807 nostrum
859 758 943 807 cum
966 757 1052 808 eane
1075 745 1218 829 quassat
1242 735 1365 806 ebur.“

193 959 196 969 ¹
279 877 395 950 Erant
407 873 544 946 scilieet
559 871 623 944 tali
643 893 690 942 ex
706 870 835 958 ebore,
860 878 900 939 ut
916 872 1024 939 etlam
1041 867 1207 952 fritillus,
1228 871 1269 942 in
1293 895 1366 965 quo

279 1009 444 1082 concussi
461 1031 569 1100 snper
585 1004 741 1076 tabulam
758 999 1044 1094 effundebantur.
1105 1005 1216 1080 Senio
1238 1007 1368 1077 dexter

280 1155 376 1232 erat,
402 1142 471 1213 nisi
494 1141 598 1212 aliter
620 1161 665 1209 ex
686 1137 784 1208 lusus
802 1135 882 1231 lege
903 1105 1145 1228 convenisset,
1165 1143 1209 1211 bt
1228 1142 1267 1210 in
1282 1143 1367 1233 epi-

279 1237 381 1348 stola!
392 1273 544 1369 Augusti
573 1273 619 1344 ad
643 1270 854 1346 Tiberium:
905 1273 1026 1362 „Inter
1059 1297 1185 1346 cenam
1214 1275 1366 1344 lusimus

279 1385 491 1498 petavianae
515 1419 552 1480 et
579 1407 661 1480 heri
682 1416 718 1480 et
741 1405 860 1478 hodie.
924 1407 1025 1478 Talis
1049 1410 1147 1480 enim
1168 1411 1303 1484 iactatis
1325 1421 1369 1480 ut

278 1547 430 1643 quisque
446 1547 576 1615 otiuem
587 1553 648 1614 aut
662 1541 850 1612 senionem
863 1540 1021 1629 miserat,
1046 1543 1085 1613 in
1101 1544 1258 1638 singulos
1274 1541 1369 1614 talos

278 1679 438 1774 singidos
451 1676 619 1753 denarios
637 1675 676 1746 in
688 1675 848 1746 medium
862 1671 1087 1762 conserebat,
1112 1701 1203 1773 quos
1219 1677 1370 1752 tollebat

195 1839 200 1847 ·
278 1813 485 1902 universos,
523 1811 586 1906 qui
611 1810 791 1882 Venerem
815 1809 984 1880 iecerat“
1014 1808 1159 1880 Sueten.
1184 1811 1276 1904 Aug.
1304 1835 1365 1902 7¹·

185 1969 188 1980 ·
278 1923 353 2020 Hic'
365 1958 439 2019 tam
461 1947 563 2020 senio
578 1967 685 2040 quam
700 1945 797 2016 canis
812 1942 912 2038 (oum
926 1943 1063 2017 scilieet
1079 1945 1166 2016 unio
1182 1945 1364 2040 prodiret)

276 2083 469 2154 damnosus
492 2091 580 2152 erat
614 2079 827 2172 Propertius
852 2081 887 2170 4,
905 2103 941 2174 9,
961 2103 1016 2174 ¹7·
1036 2079 1245 2180 ⁴Venerem,
1267 2101 1364 2172 pro-

275 2213 493 2302 sperrimum
514 2213 667 2297 iactum,
699 2233 782 2288 oum
804 2213 941 2285 seilicet
961 2239 1086 2287 ornnes
1109 2227 1265 2309 quatuor
1286 2223 1363 2284 tes-

273 2367 365 2412 serae
381 2331 593 2412 oecidissent
607 2342 848 2432 dissimiliter,
872 2367 941 2436 per
956 2346 1046 2414 talos
1063 2349 1242 2418 secundos
1258 2371 1364 2442 qure-

274 2475 339 2562 rit,
364 2485 405 2548 at·
421 2495 590 2567 „semper
615 2473 777 2546 damnosi
800 2473 991 2546 subsiliere
1015 2480 1157 2547 canes.“
1194 2479 1251 2549 De
1268 2477 1363 2567 talis,

275 2618 505 2692 eleesyolosr,
540 2621 577 2680 el
596 2609 756 2699 tesseris,
790 2626 932 2693 ιυβοισ,
967 2609 1011 2680 ol'.
1037 2609 1289 2686 Heindorfium
1313 2609 1362 2680 ad

276 2741 370 2818 Hor.
388 2740 458 2815 Sat.
477 2765 510 2833 a,
526 2715 562 2832 5,ι
584 2767 662 2839 171.
686 2751 722 2814 et
742 2745 937 2837 scriptores
957 2747 1024 2818 hac
1040 2745 1085 2816 de
1100 2767 1143 2815 re
1159 2743 1203 2814 ab
1219 2767 1263 2816 eo
1275 2741 1363 2836 lau-

276 2885 386 2960 datos.
400 2881 433 2972 ¹³)
455 2877 543 2954 oon
558 2877 682 2954 Hauu.
701 2879 894 2974 septimus:
918 2891 1003 2953 voto
1019 2891 1055 2952 et
1068 2879 1191 2954 domn.

276 3079 570 3112 *ιν-μέ*-

295 3234 323 3314 ¹)
361 3236 572 3314 Querendnm
597 3237 699 3315 torte,
725 3259 765 3300 en
786 3239 878 3318 pueri
897 3239 1110 3328 Romanorum
1128 3237 1198 3299 talis
1217 3235 1361 3298 luserint.

345 3339 406 3398 ¹De
424 3339 603 3401 Graecorum
621 3340 727 3420 pueris
742 3342 801 3403 boe
819 3353 903 3404 certe
920 3353 1048 3406 constat
1077 3341 1197 3404 Plinius
1212 3341 1358 3419 Polycle-

352 3453 419 3502 tum
442 3439 625 3520 Sicyonium
651 3445 728 3508 duos
744 3467 861 3526 pueros
877 3447 977 3508 nudos
991 3469 1031 3506 ex
1046 3469 1106 3508 tere
1123 3446 1232 3506 fecisse
1245 3444 1358 3524 perlai-

250 3583 254 3593 ι
351 3547 407 3612 bet
420 3543 490 3604 talis
504 3545 660 3622 ludentes,
681 3547 766 3614 unde
778 3547 1024 3628 astragalizontes
1040 3551 1238 3620 vocabantur,
1262 3547 1304 3612 Ii,
1311 3545 1354 3606 N.

353 3654 404 3726 st,
423 3662 453 3720 8·
487 3649 538 3710 De
556 3649 712 3728 Cupidine
728 3661 759 3712 et
776 3651 958 3732 Ganymede
975 3653 1051 3714 item
1065 3649 1248 3731 Apollonius
1264 3649 1361 3710 Rho-.

351 3758 421 3824 dius
438 3756 606 3836 Argonaut,
624 3759 652 3818 ὅ,
672 3749 739 3824 ἄμφ’
756 3751 924 3832 &petralem
939 3752 1051 3826 dt'totyt
1069 3769 1199 3826 χρυσέοκ,
1216 3749 1264 3806 aits
1281 3769 1357 3818 usone

350 3875 476 3946 ippotae,
496 3874 631 3941 summo.
664 3861 785 3923 Verum
809 3863 893 3942 apud
913 3863 1068 3924 Romanos
1089 3861 1190 3924 lusum
1211 3861 1357 3953 telorum,

349 3967 557 4028 levamentum
573 3968 757 4050 plerumque
775 3953 871 4028 senile
889 3967 984 4028 fuisse
994 4011 1003 4046 ,
1030 3967 1150 4028 indicat
1166 3967 1244 4026 illud
1264 3973 1357 4032 νοω*-

352 4083 428 4122 mwt
448 4068 481 4132 in
505 4073 635 4158 epistole
657 4067 788 4154 Augusti
806 4069 858 4130 cit
881 4081 912 4132 et
928 4071 1090 4133 Ciceronis
1107 4071 1145 4132 de
1163 4061 1286 4132 Seneet.
1308 4069 1356 4134 15.

349 4175 438 4250 „Sibi
453 4175 589 4238 habeant
604 4199 699 4255 arma,
718 4174 782 4260 sibi
798 4193 894 4257 equos
908 4219 936 4240 ..
951 4177 1045 4240 uobis
1057 4177 1182 4239 senibus
1198 4197 1238 4235 ex
1255 4173 1355 4234 lusio-

348 4277 441 4357 nibus
463 4281 570 4340 multis
595 4283 673 4342 talos
690 4282 868 4364 relinquant
882 4291 914 4342 et
928 4285 1093 4345 tesseras.“
1123 4279 1267 4344 Puerulis
1290 4299 1356 4339 non

348 4381 383 4446 in
395 4401 453 4448 usu
462 4379 566 4444 ¹luisse
581 4385 718 4463 invenio,
736 4409 795 4447 nec
809 4387 1073 4464 adolescentibus,
1094 4389 1159 4449 nisi
1172 4409 1246 4448 cum
1260 4387 1351 4445 Grae-

347 4507 456 4552 corum
480 4505 567 4544 more
592 4489 833 4568 constitueretur
863 4511 921 4552 rex
947 4493 1014 4582 sire
1036 4491 1183 4571 magister
1203 4485 1354 4558 convivii,
