<?xml version="1.0" encoding="UTF-8"?>
<!DOCTYPE html PUBLIC "-//W3C//DTD XHTML 1.0 Transitional//EN"
    "http://www.w3.org/TR/xhtml1/DTD/xhtml1-transitional.dtd">
<html xmlns="http://www.w3.org/1999/xhtml" xml:lang="en" lang="en">
 <head>
  <title>
</title>
<meta http-equiv="Content-Type" content="text/html;charset=utf-8" />
  <meta name='ocr-system' content='tesseract 3.04.00' />
  <meta name='ocr-capabilities' content='ocr_page ocr_carea ocr_par ocr_line ocrx_word'/>
</head>
<body>
  <div class='ocr_page' id='page_1' title='image "./satir00persgoog_0493.png"; bbox 0 0 2984 5204; ppageno 0'>
   <div class='ocr_carea' id='block_1_1' title="bbox 131 4098 137 4150">
    <p class='ocr_par' dir='ltr' id='par_1_1' title="bbox 131 4098 137 4150">
     <span class='ocr_line' id='line_1_1' title="bbox 131 4098 137 4150; baseline 0 0"><span class='ocrx_word' id='word_1_1' title='bbox 131 4098 137 4150; x_wconf 78' lang='lat' dir='ltr'><strong>t</strong></span> 
     </span>
    </p>
   </div>
   <div class='ocr_carea' id='block_1_2' title="bbox 176 363 1297 994">
    <p class='ocr_par' dir='ltr' id='par_1_2' title="bbox 176 363 1297 994">
     <span class='ocr_line' id='line_1_2' title="bbox 542 363 1265 456; baseline -0.008 -30"><span class='ocrx_word' id='word_1_2' title='bbox 542 376 630 430; x_wconf 73' lang='lat' dir='ltr'><strong>aar.</strong></span> <span class='ocrx_word' id='word_1_3' title='bbox 658 379 719 444; x_wconf 60' lang='lat' dir='ltr'><strong>u,</strong></span> <span class='ocrx_word' id='word_1_4' title='bbox 748 363 815 430; x_wconf 83' lang='lat'><strong>180</strong></span> <span class='ocrx_word' id='word_1_5' title='bbox 843 383 893 452; x_wconf 85' lang='lat' dir='ltr'><strong>sq.</strong></span> <span class='ocrx_word' id='word_1_6' title='bbox 1197 365 1265 456; x_wconf 81' lang='lat'><strong>471</strong></span> 
     </span>
     <span class='ocr_line' id='line_1_3' title="bbox 176 632 1268 730; baseline -0.006 -21"><span class='ocrx_word' id='word_1_7' title='bbox 176 633 579 726; x_wconf 74' lang='lat' dir='ltr'><strong>dae0n1m‚flagrantem</strong></span> <span class='ocrx_word' id='word_1_8' title='bbox 596 657 868 726; x_wconf 78' lang='lat' dir='ltr'><strong>nonnumquam</strong></span> <span class='ocrx_word' id='word_1_9' title='bbox 884 634 923 701; x_wconf 90' lang='lat' dir='ltr'><strong>in</strong></span> <span class='ocrx_word' id='word_1_10' title='bbox 939 632 1182 722; x_wconf 83' lang='lat' dir='ltr'><strong>concionibus,</strong></span> <span class='ocrx_word' id='word_1_11' title='bbox 1197 661 1268 730; x_wconf 82' lang='lat' dir='ltr'><strong>pro</strong></span> 
     </span>
     <span class='ocr_line' id='line_1_4' title="bbox 176 766 1268 876; baseline -0.006 -33"><span class='ocrx_word' id='word_1_12' title='bbox 176 794 218 842; x_wconf 86' lang='lat' dir='ltr'><strong>re</strong></span> <span class='ocrx_word' id='word_1_13' title='bbox 244 766 390 862; x_wconf 88' lang='lat' dir='ltr'><strong>publica</strong></span> <span class='ocrx_word' id='word_1_14' title='bbox 411 777 662 876; x_wconf 76' lang='lat' dir='ltr'><strong>contemnere,</strong></span> <span class='ocrx_word' id='word_1_15' title='bbox 692 767 874 860; x_wconf 74' lang='lat' dir='ltr'><strong>gravitatis</strong></span> <span class='ocrx_word' id='word_1_16' title='bbox 897 789 1047 852; x_wconf 71' lang='lat' dir='ltr'><strong>summae</strong></span> <span class='ocrx_word' id='word_1_17' title='bbox 1070 768 1173 838; x_wconf 82' lang='lat' dir='ltr'><strong>suit.“</strong></span> <span class='ocrx_word' id='word_1_18' title='bbox 1222 773 1268 840; x_wconf 84' lang='lat' dir='ltr'><strong>Et</strong></span> 
     </span>
     <span class='ocr_line' id='line_1_5' title="bbox 176 881 1297 994; baseline -0.002 -19"><span class='ocrx_word' id='word_1_19' title='bbox 176 900 442 994; x_wconf 80' lang='lat' dir='ltr'><strong>Quinctilianus</strong></span> <span class='ocrx_word' id='word_1_20' title='bbox 458 881 704 970; x_wconf 79' lang='lat' dir='ltr'><strong>conditoribus</strong></span> <span class='ocrx_word' id='word_1_21' title='bbox 721 902 866 972; x_wconf 87' lang='lat' dir='ltr'><strong>urbium</strong></span> <span class='ocrx_word' id='word_1_22' title='bbox 881 900 1012 970; x_wconf 88' lang='lat' dir='ltr'><strong>iniamc</strong></span> <span class='ocrx_word' id='word_1_23' title='bbox 1028 903 1125 990; x_wconf 89' lang='lat' dir='ltr'><strong>dicit,</strong></span> <span class='ocrx_word' id='word_1_24' title='bbox 1149 929 1267 991; x_wconf 85' lang='lat' dir='ltr'><strong>„con-</strong></span> <span class='ocrx_word' id='word_1_25' title='bbox 1293 900 1297 918; x_wconf 63' lang='lat'><strong><em>¹</em></strong></span> 
     </span>
    </p>
   </div>
   <div class='ocr_carea' id='block_1_3' title="bbox 175 1003 1267 1144">
    <p class='ocr_par' dir='ltr' id='par_1_3' title="bbox 175 1003 1267 1144">
     <span class='ocr_line' id='line_1_6' title="bbox 175 1003 1267 1144; baseline 0.001 -38"><span class='ocrx_word' id='word_1_26' title='bbox 175 1037 324 1106; x_wconf 77' lang='lat' dir='ltr'><strong>traxisse</strong></span> <span class='ocrx_word' id='word_1_27' title='bbox 351 1035 505 1128; x_wconf 79' lang='lat' dir='ltr'><strong>aliquam</strong></span> <span class='ocrx_word' id='word_1_28' title='bbox 530 1003 771 1127; x_wconf 63' lang='lat' dir='ltr'><strong>perniciosam</strong></span> <span class='ocrx_word' id='word_1_29' title='bbox 804 1037 934 1107; x_wconf 88' lang='lat' dir='ltr'><strong>ceteris</strong></span> <span class='ocrx_word' id='word_1_30' title='bbox 956 1049 1117 1144; x_wconf 70' lang='lat' dir='ltr'><strong>gonterii,</strong></span> <span class='ocrx_word' id='word_1_31' title='bbox 1150 1034 1267 1132; x_wconf 88' lang='lat' dir='ltr'><strong>qualis</strong></span> 
     </span>
    </p>
   </div>
   <div class='ocr_carea' id='block_1_4' title="bbox 118 1169 1263 1262">
    <p class='ocr_par' dir='ltr' id='par_1_4' title="bbox 118 1169 1263 1262">
     <span class='ocr_line' id='line_1_7' title="bbox 118 1169 1263 1262; baseline 0.001 -21"><span class='ocrx_word' id='word_1_32' title='bbox 118 1193 124 1207; x_wconf 91' lang='lat'><strong>·</strong></span> <span class='ocrx_word' id='word_1_33' title='bbox 175 1181 229 1241; x_wconf 89' lang='lat' dir='ltr'><strong>est</strong></span> <span class='ocrx_word' id='word_1_34' title='bbox 248 1169 388 1262; x_wconf 89' lang='lat' dir='ltr'><strong>primus</strong></span> <span class='ocrx_word' id='word_1_35' title='bbox 403 1169 559 1240; x_wconf 78' lang='lat' dir='ltr'><strong>ludaicae</strong></span> <span class='ocrx_word' id='word_1_36' title='bbox 581 1169 846 1262; x_wconf 75' lang='lat' dir='ltr'><strong>superstitionis</strong></span> <span class='ocrx_word' id='word_1_37' title='bbox 861 1175 1022 1240; x_wconf 89' lang='lat' dir='ltr'><strong>anctor.“</strong></span> <span class='ocrx_word' id='word_1_38' title='bbox 1045 1169 1126 1242; x_wconf 64' lang='lat' dir='ltr'><strong>lnstss</strong></span> <span class='ocrx_word' id='word_1_39' title='bbox 1145 1173 1209 1243; x_wconf 91' lang='lat' dir='ltr'><strong>Or.</strong></span> <span class='ocrx_word' id='word_1_40' title='bbox 1229 1176 1263 1260; x_wconf 82' lang='lat'><strong>3,</strong></span> 
     </span>
    </p>
   </div>
   <div class='ocr_carea' id='block_1_5' title="bbox 171 1285 1361 1802">
    <p class='ocr_par' dir='ltr' id='par_1_5' title="bbox 171 1285 1361 1802">
     <span class='ocr_line' id='line_1_8' title="bbox 176 1285 1361 1398; baseline 0.004 -25"><span class='ocrx_word' id='word_1_41' title='bbox 176 1330 211 1398; x_wconf 84' lang='lat'><strong>7,</strong></span> <span class='ocrx_word' id='word_1_42' title='bbox 238 1324 295 1374; x_wconf 83' lang='lat' dir='ltr'><strong>aa.</strong></span> <span class='ocrx_word' id='word_1_43' title='bbox 335 1301 443 1395; x_wconf 80' lang='lat' dir='ltr'><strong>Apud</strong></span> <span class='ocrx_word' id='word_1_44' title='bbox 464 1303 656 1396; x_wconf 86' lang='lat' dir='ltr'><strong>losephum</strong></span> <span class='ocrx_word' id='word_1_45' title='bbox 679 1301 823 1396; x_wconf 80' lang='lat' dir='ltr'><strong>Antiqu.</strong></span> <span class='ocrx_word' id='word_1_46' title='bbox 850 1307 905 1375; x_wconf 80' lang='lat'><strong>14.</strong></span> <span class='ocrx_word' id='word_1_47' title='bbox 934 1305 1034 1376; x_wconf 80' lang='lat' dir='ltr'><strong>varia</strong></span> <span class='ocrx_word' id='word_1_48' title='bbox 1053 1285 1284 1378; x_wconf 59' lang='lat' dir='ltr'><strong>reseruntur</strong></span> <span class='ocrx_word' id='word_1_49' title='bbox 1354 1378 1361 1388; x_wconf 73' lang='grc'><strong>,</strong></span> 
     </span>
     <span class='ocr_line' id='line_1_9' title="bbox 174 1437 1263 1534; baseline 0.003 -25"><span class='ocrx_word' id='word_1_50' title='bbox 174 1439 425 1512; x_wconf 87' lang='lat' dir='ltr'><strong>Romanorum</strong></span> <span class='ocrx_word' id='word_1_51' title='bbox 433 1437 630 1530; x_wconf 87' lang='lat' dir='ltr'><strong>proesidum</strong></span> <span class='ocrx_word' id='word_1_52' title='bbox 646 1439 804 1526; x_wconf 87' lang='lat' dir='ltr'><strong>decreta,</strong></span> <span class='ocrx_word' id='word_1_53' title='bbox 820 1439 949 1534; x_wconf 89' lang='lat' dir='ltr'><strong>quibus</strong></span> <span class='ocrx_word' id='word_1_54' title='bbox 964 1437 1034 1510; x_wconf 88' lang='lat' dir='ltr'><strong>illis</strong></span> <span class='ocrx_word' id='word_1_55' title='bbox 1050 1441 1145 1512; x_wconf 79' lang='lat' dir='ltr'><strong>avita</strong></span> <span class='ocrx_word' id='word_1_56' title='bbox 1161 1465 1263 1512; x_wconf 89' lang='lat' dir='ltr'><strong>sacra</strong></span> 
     </span>
     <span class='ocr_line' id='line_1_10' title="bbox 173 1572 1261 1680; baseline 0.002 -38"><span class='ocrx_word' id='word_1_57' title='bbox 173 1572 368 1642; x_wconf 85' lang='lat' dir='ltr'><strong>observare</strong></span> <span class='ocrx_word' id='word_1_58' title='bbox 383 1573 613 1662; x_wconf 77' lang='lat' dir='ltr'><strong>permittitur.</strong></span> <span class='ocrx_word' id='word_1_59' title='bbox 666 1573 788 1646; x_wconf 85' lang='lat' dir='ltr'><strong>Minus</strong></span> <span class='ocrx_word' id='word_1_60' title='bbox 804 1573 950 1666; x_wconf 86' lang='lat' dir='ltr'><strong>quidem</strong></span> <span class='ocrx_word' id='word_1_61' title='bbox 965 1573 1165 1680; x_wconf 80' lang='lat' dir='ltr'><strong>honorifice</strong></span> <span class='ocrx_word' id='word_1_62' title='bbox 1178 1575 1261 1646; x_wconf 83' lang='lat' dir='ltr'><strong>Ilo-</strong></span> 
     </span>
     <span class='ocr_line' id='line_1_11' title="bbox 171 1709 1262 1802; baseline 0 -26"><span class='ocrx_word' id='word_1_63' title='bbox 171 1729 361 1776; x_wconf 82' lang='lat' dir='ltr'><strong>manarum</strong></span> <span class='ocrx_word' id='word_1_64' title='bbox 379 1728 505 1778; x_wconf 87' lang='lat' dir='ltr'><strong>rerum</strong></span> <span class='ocrx_word' id='word_1_65' title='bbox 517 1709 714 1800; x_wconf 78' lang='lat' dir='ltr'><strong>scriptores</strong></span> <span class='ocrx_word' id='word_1_66' title='bbox 730 1731 792 1778; x_wconf 84' lang='lat' dir='ltr'><strong>eos</strong></span> <span class='ocrx_word' id='word_1_67' title='bbox 808 1719 1102 1794; x_wconf 86' lang='lat' dir='ltr'><strong>commemorant,</strong></span> <span class='ocrx_word' id='word_1_68' title='bbox 1127 1731 1167 1778; x_wconf 86' lang='lat' dir='ltr'><strong>rc</strong></span> <span class='ocrx_word' id='word_1_69' title='bbox 1184 1709 1262 1802; x_wconf 87' lang='lat' dir='ltr'><strong>ipsa</strong></span> 
     </span>
    </p>
   </div>
   <div class='ocr_carea' id='block_1_6' title="bbox 117 1837 1260 1944">
    <p class='ocr_par' dir='ltr' id='par_1_6' title="bbox 117 1837 1260 1944">
     <span class='ocr_line' id='line_1_12' title="bbox 117 1837 1260 1944; baseline 0.004 -40"><span class='ocrx_word' id='word_1_70' title='bbox 117 1894 121 1904; x_wconf 92' lang='lat'>.</span> <span class='ocrx_word' id='word_1_71' title='bbox 169 1837 254 1912; x_wconf 91' lang='lat' dir='ltr'><strong>licet</strong></span> <span class='ocrx_word' id='word_1_72' title='bbox 275 1843 547 1914; x_wconf 86' lang='lat' dir='ltr'><strong>consentientes.</strong></span> <span class='ocrx_word' id='word_1_73' title='bbox 573 1843 626 1914; x_wconf 89' lang='lat' dir='ltr'><strong>lte</strong></span> <span class='ocrx_word' id='word_1_74' title='bbox 644 1843 1028 1934; x_wconf 77' lang='lat' dir='ltr'><strong>DioCassius57,17.</strong></span> <span class='ocrx_word' id='word_1_75' title='bbox 1052 1843 1098 1929; x_wconf 77' lang='lat' dir='ltr'><strong>dc</strong></span> <span class='ocrx_word' id='word_1_76' title='bbox 1120 1843 1260 1944; x_wconf 81' lang='lat' dir='ltr'><strong>ludaeis,</strong></span> 
     </span>
    </p>
   </div>
   <div class='ocr_carea' id='block_1_7' title="bbox 160 1973 1356 4354">
    <p class='ocr_par' dir='ltr' id='par_1_7' title="bbox 160 1973 1356 4202">
     <span class='ocr_line' id='line_1_13' title="bbox 169 1973 1258 2069; baseline -0.002 -23"><span class='ocrx_word' id='word_1_77' title='bbox 169 1973 265 2046; x_wconf 87' lang='lat' dir='ltr'><strong>bello</strong></span> <span class='ocrx_word' id='word_1_78' title='bbox 283 1997 304 2044; x_wconf 86' lang='lat' dir='ltr'><strong>a</strong></span> <span class='ocrx_word' id='word_1_79' title='bbox 320 1975 495 2067; x_wconf 89' lang='lat' dir='ltr'><strong>Pompeio</strong></span> <span class='ocrx_word' id='word_1_80' title='bbox 514 1977 707 2069; x_wconf 78' lang='lat' dir='ltr'><strong>oppressis,</strong></span> <span class='ocrx_word' id='word_1_81' title='bbox 733 1977 872 2046; x_wconf 87' lang='lat' dir='ltr'><strong>dicens:</strong></span> <span class='ocrx_word' id='word_1_82' title='bbox 899 1975 988 2062; x_wconf 83' lang='lat' dir='ltr'><strong>„Est</strong></span> <span class='ocrx_word' id='word_1_83' title='bbox 1003 1976 1042 2046; x_wconf 88' lang='lat' dir='ltr'><strong>id</strong></span> <span class='ocrx_word' id='word_1_84' title='bbox 1055 1999 1168 2068; x_wconf 84' lang='lat' dir='ltr'><strong>genus</strong></span> <span class='ocrx_word' id='word_1_85' title='bbox 1184 1973 1258 2044; x_wconf 88' lang='lat' dir='ltr'><strong>ho·-</strong></span> 
     </span>
     <span class='ocr_line' id='line_1_14' title="bbox 167 2090 1259 2204; baseline 0 -26"><span class='ocrx_word' id='word_1_86' title='bbox 167 2109 307 2180; x_wconf 87' lang='lat' dir='ltr'><strong>minum</strong></span> <span class='ocrx_word' id='word_1_87' title='bbox 321 2112 416 2200; x_wconf 88' lang='lat' dir='ltr'><strong>apud</strong></span> <span class='ocrx_word' id='word_1_88' title='bbox 435 2111 620 2182; x_wconf 84' lang='lat' dir='ltr'><strong>Romanos</strong></span> <span class='ocrx_word' id='word_1_89' title='bbox 633 2090 739 2181; x_wconf 84' lang='lat' dir='ltr'><strong>etiarn</strong></span> <span class='ocrx_word' id='word_1_90' title='bbox 751 2109 782 2201; x_wconf 83' lang='lat'><strong>*)</strong></span> <span class='ocrx_word' id='word_1_91' title='bbox 809 2122 915 2203; x_wconf 86' lang='lat' dir='ltr'><strong>atque</strong></span> <span class='ocrx_word' id='word_1_92' title='bbox 932 2111 1071 2180; x_wconf 88' lang='lat' dir='ltr'><strong>tametsi</strong></span> <span class='ocrx_word' id='word_1_93' title='bbox 1085 2134 1259 2204; x_wconf 77' lang='lat' dir='ltr'><strong>saepenu-</strong></span> 
     </span>
     <span class='ocr_line' id='line_1_15' title="bbox 168 2243 1296 2352; baseline -0.001 -40"><span class='ocrx_word' id='word_1_94' title='bbox 168 2263 272 2312; x_wconf 85' lang='lat' dir='ltr'><strong>mero</strong></span> <span class='ocrx_word' id='word_1_95' title='bbox 288 2243 517 2351; x_wconf 76' lang='lat' dir='ltr'><strong>imminpturn</strong></span> <span class='ocrx_word' id='word_1_96' title='bbox 532 2244 665 2334; x_wconf 86' lang='lat' dir='ltr'><strong>suerit,</strong></span> <span class='ocrx_word' id='word_1_97' title='bbox 687 2247 735 2314; x_wconf 86' lang='lat' dir='ltr'><strong>ita</strong></span> <span class='ocrx_word' id='word_1_98' title='bbox 752 2257 872 2352; x_wconf 83' lang='lat' dir='ltr'><strong>tarnen</strong></span> <span class='ocrx_word' id='word_1_99' title='bbox 895 2256 1039 2314; x_wconf 86' lang='lat' dir='ltr'><strong>auctum</strong></span> <span class='ocrx_word' id='word_1_100' title='bbox 1064 2255 1137 2332; x_wconf 87' lang='lat' dir='ltr'><strong>est,</strong></span> <span class='ocrx_word' id='word_1_101' title='bbox 1162 2251 1260 2314; x_wconf 92' lang='lat' dir='ltr'><strong>utet</strong></span> <span class='ocrx_word' id='word_1_102' title='bbox 1290 2327 1296 2342; x_wconf 80' lang='lat'><em>.</em></span> 
     </span>
     <span class='ocr_line' id='line_1_16' title="bbox 168 2370 1258 2470; baseline 0.002 -26"><span class='ocrx_word' id='word_1_103' title='bbox 168 2377 214 2446; x_wconf 86' lang='lat' dir='ltr'><strong>ad</strong></span> <span class='ocrx_word' id='word_1_104' title='bbox 231 2373 387 2446; x_wconf 89' lang='lat' dir='ltr'><strong>liberum</strong></span> <span class='ocrx_word' id='word_1_105' title='bbox 404 2377 541 2448; x_wconf 88' lang='lat' dir='ltr'><strong>rituum</strong></span> <span class='ocrx_word' id='word_1_106' title='bbox 557 2403 706 2448; x_wconf 87' lang='lat' dir='ltr'><strong>suorum</strong></span> <span class='ocrx_word' id='word_1_107' title='bbox 722 2370 836 2448; x_wconf 80' lang='lat' dir='ltr'><strong>&#39;usum</strong></span> <span class='ocrx_word' id='word_1_108' title='bbox 852 2379 1088 2470; x_wconf 83' lang='lat' dir='ltr'><strong>pervascr·it“</strong></span> <span class='ocrx_word' id='word_1_109' title='bbox 1102 2377 1150 2468; x_wconf 77' lang='grc'><strong>**)</strong></span> <span class='ocrx_word' id='word_1_110' title='bbox 1200 2377 1258 2446; x_wconf 85' lang='lat' dir='ltr'><strong>Ex</strong></span> 
     </span>
     <span class='ocr_line' id='line_1_17' title="bbox 165 2509 1257 2614; baseline -0.002 -32"><span class='ocrx_word' id='word_1_111' title='bbox 165 2511 317 2582; x_wconf 86' lang='lat' dir='ltr'><strong>Philone</strong></span> <span class='ocrx_word' id='word_1_112' title='bbox 334 2513 379 2582; x_wconf 90' lang='lat' dir='ltr'><strong>dc</strong></span> <span class='ocrx_word' id='word_1_113' title='bbox 395 2511 593 2614; x_wconf 80' lang='lat' dir='ltr'><strong>Legatione</strong></span> <span class='ocrx_word' id='word_1_114' title='bbox 607 2514 652 2582; x_wconf 88' lang='lat' dir='ltr'><strong>ad</strong></span> <span class='ocrx_word' id='word_1_115' title='bbox 668 2513 795 2584; x_wconf 85' lang='lat' dir='ltr'><strong>Gaium</strong></span> <span class='ocrx_word' id='word_1_116' title='bbox 816 2514 1005 2600; x_wconf 87' lang='lat' dir='ltr'><strong>discimus,</strong></span> <span class='ocrx_word' id='word_1_117' title='bbox 1028 2511 1167 2584; x_wconf 77' lang='lat' dir='ltr'><strong>ludaeos</strong></span> <span class='ocrx_word' id='word_1_118' title='bbox 1190 2509 1257 2580; x_wconf 86' lang='lat' dir='ltr'><strong>sub</strong></span> 
     </span>
     <span class='ocr_line' id='line_1_18' title="bbox 165 2643 1257 2736; baseline -0.002 -22"><span class='ocrx_word' id='word_1_119' title='bbox 165 2643 327 2736; x_wconf 82' lang='lat' dir='ltr'><strong>Augusto</strong></span> <span class='ocrx_word' id='word_1_120' title='bbox 349 2656 490 2736; x_wconf 85' lang='lat' dir='ltr'><strong>partem</strong></span> <span class='ocrx_word' id='word_1_121' title='bbox 514 2645 615 2714; x_wconf 90' lang='lat' dir='ltr'><strong>urbis</strong></span> <span class='ocrx_word' id='word_1_122' title='bbox 633 2656 732 2716; x_wconf 88' lang='lat' dir='ltr'><strong>trans</strong></span> <span class='ocrx_word' id='word_1_123' title='bbox 756 2645 920 2716; x_wconf 85' lang='lat' dir='ltr'><strong>Tiberim</strong></span> <span class='ocrx_word' id='word_1_124' title='bbox 949 2645 1126 2730; x_wconf 84' lang='lat' dir='ltr'><strong>tenuisse,</strong></span> <span class='ocrx_word' id='word_1_125' title='bbox 1164 2665 1257 2734; x_wconf 86' lang='lat' dir='ltr'><strong>pcr-</strong></span> 
     </span>
     <span class='ocr_line' id='line_1_19' title="bbox 166 2775 1256 2868; baseline -0.001 -23"><span class='ocrx_word' id='word_1_126' title='bbox 166 2778 294 2847; x_wconf 86' lang='lat' dir='ltr'><strong>missos</strong></span> <span class='ocrx_word' id='word_1_127' title='bbox 310 2778 385 2846; x_wconf 91' lang='lat' dir='ltr'><strong>ritu</strong></span> <span class='ocrx_word' id='word_1_128' title='bbox 399 2779 579 2846; x_wconf 84' lang='lat' dir='ltr'><strong>maiorum</strong></span> <span class='ocrx_word' id='word_1_129' title='bbox 593 2777 727 2862; x_wconf 84' lang='lat' dir='ltr'><strong>vivere,</strong></span> <span class='ocrx_word' id='word_1_130' title='bbox 753 2799 834 2848; x_wconf 83' lang='lat' dir='ltr'><strong>suas</strong></span> <span class='ocrx_word' id='word_1_131' title='bbox 848 2777 897 2847; x_wconf 91' lang='lat' dir='ltr'><strong>ibi</strong></span> <span class='ocrx_word' id='word_1_132' title='bbox 913 2775 1080 2851; x_wconf 89' lang='lat' dir='ltr'><strong>habuisse</strong></span> <span class='ocrx_word' id='word_1_133' title='bbox 1096 2798 1256 2868; x_wconf 87' lang='lat' dir='ltr'><strong>proseu-</strong></span> 
     </span>
     <span class='ocr_line' id='line_1_20' title="bbox 165 2909 1256 3004; baseline -0.005 -24"><span class='ocrx_word' id='word_1_134' title='bbox 165 2912 268 3000; x_wconf 84' lang='lat' dir='ltr'><strong>chas,</strong></span> <span class='ocrx_word' id='word_1_135' title='bbox 298 2910 338 2980; x_wconf 93' lang='lat' dir='ltr'><strong>in</strong></span> <span class='ocrx_word' id='word_1_136' title='bbox 362 2909 493 3004; x_wconf 88' lang='lat' dir='ltr'><strong>quibus</strong></span> <span class='ocrx_word' id='word_1_137' title='bbox 515 2921 624 2982; x_wconf 86' lang='lat' dir='ltr'><strong>caetus</strong></span> <span class='ocrx_word' id='word_1_138' title='bbox 646 2909 832 2998; x_wconf 62' lang='lat' dir='ltr'><strong>facerent,</strong></span> <span class='ocrx_word' id='word_1_139' title='bbox 863 2909 1063 3004; x_wconf 64' lang='lat' dir='ltr'><strong>presertim</strong></span> <span class='ocrx_word' id='word_1_140' title='bbox 1090 2909 1256 2994; x_wconf 77' lang='lat' dir='ltr'><strong>sabbatis,</strong></span> 
     </span>
     <span class='ocr_line' id='line_1_21' title="bbox 165 3043 1256 3137; baseline -0.004 -21"><span class='ocrx_word' id='word_1_141' title='bbox 165 3044 314 3116; x_wconf 88' lang='lat' dir='ltr'><strong>collecta</strong></span> <span class='ocrx_word' id='word_1_142' title='bbox 327 3043 572 3137; x_wconf 86' lang='lat' dir='ltr'><strong>primitiarum</strong></span> <span class='ocrx_word' id='word_1_143' title='bbox 589 3043 736 3114; x_wconf 89' lang='lat' dir='ltr'><strong>nomine</strong></span> <span class='ocrx_word' id='word_1_144' title='bbox 754 3045 891 3114; x_wconf 86' lang='lat' dir='ltr'><strong>misisse</strong></span> <span class='ocrx_word' id='word_1_145' title='bbox 906 3045 1194 3137; x_wconf 85' lang='lat' dir='ltr'><strong>llierosoiymas,</strong></span> <span class='ocrx_word' id='word_1_146' title='bbox 1220 3054 1256 3112; x_wconf 90' lang='lat' dir='ltr'><strong>et</strong></span> 
     </span>
     <span class='ocr_line' id='line_1_22' title="bbox 164 3168 1254 3290; baseline -0.006 -38"><span class='ocrx_word' id='word_1_147' title='bbox 164 3191 283 3254; x_wconf 87' lang='lat' dir='ltr'><strong>certos</strong></span> <span class='ocrx_word' id='word_1_148' title='bbox 296 3179 474 3266; x_wconf 86' lang='lat' dir='ltr'><strong>homines,</strong></span> <span class='ocrx_word' id='word_1_149' title='bbox 494 3179 580 3272; x_wconf 92' lang='lat' dir='ltr'><strong>„qui</strong></span> <span class='ocrx_word' id='word_1_150' title='bbox 595 3201 665 3272; x_wconf 91' lang='lat' dir='ltr'><strong>pro</strong></span> <span class='ocrx_word' id='word_1_151' title='bbox 678 3178 723 3250; x_wconf 88' lang='lat' dir='ltr'><strong>iis</strong></span> <span class='ocrx_word' id='word_1_152' title='bbox 739 3168 914 3290; x_wconf 74' lang='lat' dir='ltr'><strong>oilerrent</strong></span> <span class='ocrx_word' id='word_1_153' title='bbox 929 3179 1100 3266; x_wconf 84' lang='lat' dir='ltr'><strong>victimas,</strong></span> <span class='ocrx_word' id='word_1_154' title='bbox 1114 3201 1181 3248; x_wconf 89' lang='lat' dir='ltr'><strong>nec</strong></span> <span class='ocrx_word' id='word_1_155' title='bbox 1194 3187 1254 3247; x_wconf 84' lang='lat' dir='ltr'><strong>ta-</strong></span> 
     </span>
     <span class='ocr_line' id='line_1_23' title="bbox 163 3311 1254 3400; baseline -0.009 -11"><span class='ocrx_word' id='word_1_156' title='bbox 163 3341 249 3388; x_wconf 83' lang='lat' dir='ltr'><strong>rnen</strong></span> <span class='ocrx_word' id='word_1_157' title='bbox 261 3317 358 3388; x_wconf 86' lang='lat' dir='ltr'><strong>urbe</strong></span> <span class='ocrx_word' id='word_1_158' title='bbox 382 3314 497 3386; x_wconf 86' lang='lat' dir='ltr'><strong>iussos</strong></span> <span class='ocrx_word' id='word_1_159' title='bbox 521 3316 718 3400; x_wconf 80' lang='lat' dir='ltr'><strong>excedere,</strong></span> <span class='ocrx_word' id='word_1_160' title='bbox 745 3339 812 3386; x_wconf 89' lang='lat' dir='ltr'><strong>nec</strong></span> <span class='ocrx_word' id='word_1_161' title='bbox 828 3311 995 3386; x_wconf 76' lang='lat' dir='ltr'><strong>naubatos</strong></span> <span class='ocrx_word' id='word_1_162' title='bbox 1012 3313 1094 3382; x_wconf 90' lang='lat' dir='ltr'><strong>iure</strong></span> <span class='ocrx_word' id='word_1_163' title='bbox 1109 3311 1254 3396; x_wconf 84' lang='lat' dir='ltr'><strong>ciriunt,</strong></span> 
     </span>
     <span class='ocr_line' id='line_1_24' title="bbox 161 3407 1356 3546; baseline -0.012 -21"><span class='ocrx_word' id='word_1_164' title='bbox 161 3453 252 3546; x_wconf 77' lang='lat' dir='ltr'><strong>quin</strong></span> <span class='ocrx_word' id='word_1_165' title='bbox 269 3451 470 3546; x_wconf 82' lang='lat' dir='ltr'><strong>sumptibus</strong></span> <span class='ocrx_word' id='word_1_166' title='bbox 487 3451 640 3523; x_wconf 82' lang='lat' dir='ltr'><strong>Caesaris</strong></span> <span class='ocrx_word' id='word_1_167' title='bbox 656 3450 881 3544; x_wconf 86' lang='lat' dir='ltr'><strong>quotidianas</strong></span> <span class='ocrx_word' id='word_1_168' title='bbox 901 3451 940 3520; x_wconf 91' lang='lat' dir='ltr'><strong>in</strong></span> <span class='ocrx_word' id='word_1_169' title='bbox 967 3471 1096 3520; x_wconf 88' lang='lat' dir='ltr'><strong>eorum</strong></span> <span class='ocrx_word' id='word_1_170' title='bbox 1116 3441 1254 3542; x_wconf 76' lang='lat' dir='ltr'><strong>templo</strong></span> <span class='ocrx_word' id='word_1_171' title='bbox 1343 3407 1356 3428; x_wconf 79' lang='lat'><strong>,</strong></span> 
     </span>
     <span class='ocr_line' id='line_1_25' title="bbox 161 3562 1253 3678; baseline -0.007 -20"><span class='ocrx_word' id='word_1_172' title='bbox 161 3599 331 3660; x_wconf 86' lang='lat' dir='ltr'><strong>mactatas</strong></span> <span class='ocrx_word' id='word_1_173' title='bbox 348 3588 602 3660; x_wconf 80' lang='lat' dir='ltr'><strong>esse&#39;victimas</strong></span> <span class='ocrx_word' id='word_1_174' title='bbox 615 3579 684 3656; x_wconf 80' lang='lat' dir='ltr'><strong>&amp;c</strong></span> <span class='ocrx_word' id='word_1_175' title='bbox 724 3562 923 3678; x_wconf 81' lang='lat' dir='ltr'><strong>Caligulam</strong></span> <span class='ocrx_word' id='word_1_176' title='bbox 940 3585 1013 3656; x_wconf 85' lang='lat' dir='ltr'><strong>illis</strong></span> <span class='ocrx_word' id='word_1_177' title='bbox 1026 3585 1145 3654; x_wconf 86' lang='lat' dir='ltr'><strong>minus</strong></span> <span class='ocrx_word' id='word_1_178' title='bbox 1159 3605 1253 3674; x_wconf 87' lang='lat' dir='ltr'><strong>pro-</strong></span> 
     </span>
     <span class='ocr_line' id='line_1_26' title="bbox 161 3715 1252 3830; baseline -0.005 -40"><span class='ocrx_word' id='word_1_179' title='bbox 161 3723 291 3813; x_wconf 86' lang='lat' dir='ltr'><strong>pitium</strong></span> <span class='ocrx_word' id='word_1_180' title='bbox 307 3723 436 3810; x_wconf 82' lang='lat' dir='ltr'><strong>fuisse,</strong></span> <span class='ocrx_word' id='word_1_181' title='bbox 461 3722 541 3814; x_wconf 88' lang='lat' dir='ltr'><strong>ipsa</strong></span> <span class='ocrx_word' id='word_1_182' title='bbox 556 3719 665 3830; x_wconf 76' lang='lat' dir='ltr'><strong>huips</strong></span> <span class='ocrx_word' id='word_1_183' title='bbox 678 3717 867 3815; x_wconf 78' lang='lat' dir='ltr'><strong>legationis</strong></span> <span class='ocrx_word' id='word_1_184' title='bbox 884 3721 1025 3790; x_wconf 80' lang='lat' dir='ltr'><strong>occasio</strong></span> <span class='ocrx_word' id='word_1_185' title='bbox 1040 3719 1155 3799; x_wconf 78' lang='lat' dir='ltr'><strong>docet</strong></span> <span class='ocrx_word' id='word_1_186' title='bbox 1193 3715 1252 3830; x_wconf 70' lang='lat' dir='ltr'><strong>De</strong></span> 
     </span>
     <span class='ocr_line' id='line_1_27' title="bbox 161 3847 1249 3948; baseline -0.005 -22"><span class='ocrx_word' id='word_1_187' title='bbox 161 3853 314 3926; x_wconf 87' lang='lat' dir='ltr'><strong>Claudio</strong></span> <span class='ocrx_word' id='word_1_188' title='bbox 334 3857 443 3926; x_wconf 88' lang='lat' dir='ltr'><strong>tradit</strong></span> <span class='ocrx_word' id='word_1_189' title='bbox 462 3855 536 3928; x_wconf 91' lang='lat' dir='ltr'><strong>Dio</strong></span> <span class='ocrx_word' id='word_1_190' title='bbox 557 3855 617 3945; x_wconf 85' lang='lat'><strong>60,</strong></span> <span class='ocrx_word' id='word_1_191' title='bbox 641 3853 674 3925; x_wconf 88' lang='grc'><strong>6.</strong></span> <span class='ocrx_word' id='word_1_192' title='bbox 700 3857 908 3948; x_wconf 71' lang='lat' dir='ltr'><strong>quodcum</strong></span> <span class='ocrx_word' id='word_1_193' title='bbox 928 3851 1041 3925; x_wconf 87' lang='lat' dir='ltr'><strong>ludaei</strong></span> <span class='ocrx_word' id='word_1_194' title='bbox 1062 3849 1159 3922; x_wconf 85' lang='lat' dir='ltr'><strong>adeo.</strong></span> <span class='ocrx_word' id='word_1_195' title='bbox 1171 3847 1249 3922; x_wconf 84' lang='lat' dir='ltr'><strong>sre-</strong></span> 
     </span>
     <span class='ocr_line' id='line_1_28' title="bbox 160 3969 1251 4086; baseline 0.002 -28"><span class='ocrx_word' id='word_1_196' title='bbox 160 4001 308 4082; x_wconf 85' lang='lat' dir='ltr'><strong>qucntes</strong></span> <span class='ocrx_word' id='word_1_197' title='bbox 323 3989 451 4062; x_wconf 87' lang='lat' dir='ltr'><strong>Romae</strong></span> <span class='ocrx_word' id='word_1_198' title='bbox 466 3989 615 4086; x_wconf 78' lang='lat' dir='ltr'><strong>fierent,</strong></span> <span class='ocrx_word' id='word_1_199' title='bbox 636 4003 677 4062; x_wconf 92' lang='lat' dir='ltr'><strong>ut</strong></span> <span class='ocrx_word' id='word_1_200' title='bbox 690 3990 882 4063; x_wconf 82' lang='lat' dir='ltr'><strong>diiliculter</strong></span> <span class='ocrx_word' id='word_1_201' title='bbox 896 3990 973 4060; x_wconf 85' lang='lat' dir='ltr'><strong>sinc</strong></span> <span class='ocrx_word' id='word_1_202' title='bbox 990 3985 1143 4061; x_wconf 88' lang='lat' dir='ltr'><strong>tumultu</strong></span> <span class='ocrx_word' id='word_1_203' title='bbox 1157 3969 1251 4084; x_wconf 42' lang='lat' dir='ltr'><strong>pra:</strong></span> 
     </span>
     <span class='ocr_line' id='line_1_29' title="bbox 161 4167 455 4202; baseline 0 0"><span class='ocrx_word' id='word_1_204' title='bbox 161 4167 455 4202; x_wconf 59' lang='grc' dir='ltr'><strong>-ι--ι--ι-ί</strong></span> 
     </span>
    </p>

    <p class='ocr_par' dir='ltr' id='par_1_8' title="bbox 175 4235 932 4354">
     <span class='ocr_line' id='line_1_30' title="bbox 175 4235 932 4354; baseline 0 -19"><span class='ocrx_word' id='word_1_205' title='bbox 175 4280 202 4347; x_wconf 73' lang='grc'><strong>“)</strong></span> <span class='ocrx_word' id='word_1_206' title='bbox 227 4299 271 4335; x_wconf 74' lang='lat' dir='ltr'><strong>aas</strong></span> <span class='ocrx_word' id='word_1_207' title='bbox 289 4279 328 4342; x_wconf 70' lang='lat' dir='ltr'><strong>sc</strong></span> <span class='ocrx_word' id='word_1_208' title='bbox 345 4299 390 4336; x_wconf 69' lang='lat' dir='ltr'><strong>aas</strong></span> <span class='ocrx_word' id='word_1_209' title='bbox 408 4299 479 4350; x_wconf 68' lang='lat' dir='ltr'><strong>saec</strong></span> <span class='ocrx_word' id='word_1_210' title='bbox 495 4235 549 4338; x_wconf 66' lang='lat' dir='ltr'><strong>ren</strong></span> <span class='ocrx_word' id='word_1_211' title='bbox 566 4277 711 4352; x_wconf 57' lang='lat' dir='ltr'><strong>Fuimus</strong></span> <span class='ocrx_word' id='word_1_212' title='bbox 728 4303 759 4340; x_wconf 79' lang='lat' dir='ltr'><strong>so</strong></span> <span class='ocrx_word' id='word_1_213' title='bbox 776 4299 851 4354; x_wconf 75' lang='lat' dir='ltr'><strong>ytres</strong></span> <span class='ocrx_word' id='word_1_214' title='bbox 865 4303 932 4339; x_wconf 78' lang='lat' dir='ltr'><strong>sero.</strong></span> 
     </span>
    </p>
   </div>
   <div class='ocr_carea' id='block_1_8' title="bbox 156 4415 921 4496">
    <p class='ocr_par' dir='ltr' id='par_1_9' title="bbox 156 4415 921 4496">
     <span class='ocr_line' id='line_1_31' title="bbox 156 4415 921 4496; baseline -0.009 -13"><span class='ocrx_word' id='word_1_215' title='bbox 156 4419 197 4493; x_wconf 60' lang='grc' dir='ltr'><strong>’Ἴ</strong></span> <span class='ocrx_word' id='word_1_216' title='bbox 224 4415 271 4482; x_wconf 69' lang='lat' dir='ltr'><strong>viss</strong></span> <span class='ocrx_word' id='word_1_217' title='bbox 290 4434 336 4476; x_wconf 71' lang='lat' dir='ltr'><strong>aas</strong></span> <span class='ocrx_word' id='word_1_218' title='bbox 354 4417 393 4477; x_wconf 76' lang='lat' dir='ltr'><strong>tn</strong></span> <span class='ocrx_word' id='word_1_219' title='bbox 408 4421 559 4496; x_wconf 61' lang='lat' dir='ltr'><strong>acridanus</strong></span> <span class='ocrx_word' id='word_1_220' title='bbox 575 4439 620 4494; x_wconf 64' lang='lat' dir='ltr'><strong>rar</strong></span> <span class='ocrx_word' id='word_1_221' title='bbox 637 4441 761 4494; x_wconf 62' lang='lat' dir='ltr'><strong>amasus</strong></span> <span class='ocrx_word' id='word_1_222' title='bbox 780 4421 921 4494; x_wconf 68' lang='lat' dir='ltr'><strong>s&#39;arusqccs.</strong></span> 
     </span>
    </p>
   </div>
   <div class='ocr_carea' id='block_1_9' title="bbox 0 0 1496 5204">
    <p class='ocr_par' dir='ltr' id='par_1_10' title="bbox 0 0 1496 5204">
     <span class='ocr_line' id='line_1_32' title="bbox 0 0 1496 5204; baseline 0 6"><span class='ocrx_word' id='word_1_223' title='bbox 0 0 1496 5204; x_wconf 95' lang='lat' dir='ltr'><strong> </strong></span> 
     </span>
    </p>
   </div>
  </div>
 </body>
</html>
