3046 5206
507 515 599 584 atr.
630 517 699 584 rv.,
725 497 782 564 55.
800 494 856 563 56.
897 485 902 497 ¹
1159 499 1231 594 559

146 645 310 674 ,ιι-...ἠι-

148 781 303 855 Groeciae
324 745 465 870 partem
482 785 517 844 ct
530 781 640 844 toturn
652 755 791 843 ltulium
804 783 998 864 pervagata
1010 770 1154 844 videtur
1161 823 1174 858 ‚
1199 783 1235 844 et

148 944 170 988 u
186 913 326 987 Graecis
340 891 744 1002 constantinopolitanis
766 906 812 976 ad
834 907 974 978 Turcas
982 961 995 994 ,
1028 907 1125 1000 apud
1143 929 1235 1002 quos

147 1051 257 1121 hodie
272 1047 418 1135 obtinet,
441 1046 565 1116 deluto.
618 1043 722 1114 Solos
736 1040 1151 1136 apudLooedaemonios‚
1175 1043 1239 1128 ri-¹

149 1184 299 1280 'gidioris
317 1181 516 1274 disciplinae
533 1189 687 1267 tenaces,
703 1179 772 1250 ista
784 1177 969 1268 turpitudo
985 1201 1059 1248 non
1073 1179 1238 1252 invaluit.

149 1317 317 1412 Eplroros
335 1317 452 1386 edioto
475 1313 629 1400 crevisse,
654 1333 701 1381 ne
722 1313 764 1384 iu
786 1308 917 1380 balnea
937 1311 1136 1380 inferretur
1160 1313 1236 1403 pix,

152 1465 261 1547 utque
292 1473 415 1522 omnes
443 1449 661 1541 depilatores
692 1437 991 1538 explodereirtur‚
1032 1453 1238 1514 auctorest
1312 1442 1317 1455 '

150 1589 286 1660 Suidas.
348 1585 570 1656 Numerotur
592 1575 729 1656 scilicet
750 1581 815 1676 pix
836 1581 933 1653 iuter
956 1579 1116 1656 remedio
1137 1555 1282 1656 eret-⁰,

151 1723 267 1792 lendis
289 1719 381 1827 pilis
396 1713 427 1814 ⁸)
1174 1789 1190 1848 Ι

169 2042 201 2118 l)
232 2043 282 2102 Dc
298 2040 348 2133 his
358 2047 483 2100 veteres
495 1995 610 2102 medici
618 2083 627 2114 ,
645 2059 677 2102 v.
695 2061 723 2104 o.
737 2037 858 2102 Plinius
872 2035 1059 2100 Valerianus
1072 2034 1238 2116 (Siberine,

235 2132 369 2226 scriptor
382 2165 449 2207 sac.
465 2147 506 2218 l.)
529 2145 566 2203 tle
586 2144 632 2204 lle
648 2141 790 2206 Medica:
809 2137 921 2222 ‚,Sunt,
943 2143 995 2222 qni
1013 2143 1064 2204 vel
1078 2144 1142 2206 suis
1154 2143 1237 2224 pilis,

234 2252 284 2312 rel
300 2268 461 2312 serrorum
477 2267 621 2325 suoram,
650 2249 685 2312 in
707 2249 819 2310 balneo
841 2246 1054 2322 offendentur,
1081 2247 1151 2307 sinc
1172 2248 1237 2308 ulla

233 2355 359 2436 quidem
375 2337 516 2432 ietion03
545 2351 605 2412 sed
615 2350 742 2414 illorum
757 2337 882 2434 qnoque
899 2347 1093 2431 persuasioni
1107 2369 1238 2415 succur-

233 2460 366 2520 rendum
382 2469 429 2522 est
444 2469 476 2520 et
491 2456 736 2534 monstrandum,
759 2455 1021 2542 ‹puemadmodum
1036 2453 1115 2520 ellici
1132 2454 1241 2536 possit,'

231 2573 267 2626 ut
280 2563 398 2626 revulsi
415 2563 474 2646 pili
488 2583 553 2626 nou
568 2561 804 2625 renascarrtur.“
840 2561 915 2622 Pice
936 2557 1082 2639 inprimis
1105 2559 1237 2632 Bruttia,

230 2679 263 2728 ct
286 2669 412 2748 quidem
428 2667 595 2744 ralel'uota,
613 2671 799 2742 utebantur,
818 2685 910 2746 quam
927 2661 1082 2740 „calidum
1095 2663 1241 2728 viscum‘i

233 2767 326 2834 roerlt
339 2771 512 2834 luvenalis:
532 2769 667 2846 „Nullus
681 2780 747 2830 tote
761 2771 847 2832 nitor
862 2769 896 2829 in
911 2778 991 2843 cute,
1011 2763 1133 2848 qualern
1143 2765 1240 2826 Brut·
1312 2811 1318 2824 .

236 2872 282 2933 tie
304 2877 469 2952 prestabat
490 2872 586 2936 calidi
599 2871 659 2932 tibi
673 2871 769 2932 faecis
783 2871 891 2932 visci.“
911 2891 940 2950 9,
957 2874 1003 2934 14.
1044 2857 1122 2931 ΜίιιΙ
1136 2871 1242 2932 rnedi-
1327 2875 1339 2884 '

164 3032 169 3046 ,
235 2976 359 3037 cantino
373 2997 412 3038 oo
423 2978 613 3058 pertinentia
629 2985 719 3036 erent
733 2975 937 3054 psilothrum,
965 2975 1100 3056 ἀπομι,
1126 2974 1241 3054 resine,

171 3145 176 3152 ,
237 3099 362 3162 pumex.
406 3083 457 3144 De
480 3082 530 3142 laia
554 3079 609 3140 cit.
635 3079 836 3140 Valerianus:
878 3078 994 3154 „Omni
1018 3078 1172 3158 psilothro
1195 3082 1244 3142 sio

237 3185 387 3246 utendum
406 3195 466 3260 est,
495 3197 531 3246 ut
546 3183 728 3265 priusquam
742 3179 924 3259 adiicietur,
944 3182 1047 3244 resins
1069 3183 1128 3264 pili
1148 3159 1242 3248 adfo-

237 3291 394 3366 rantur;“
414 3301 444 3350 et
461 3287 597 3352 Plinius:
617 3285 739 3363 „Pudet
752 3289 905 3364 confiteri,
921 3288 1090 3352 maximum
1102 3291 1164 3354 iam
1178 3293 1241 3354 lto-

236 3413 345 3453 norenr
366 3393 477 3456 rcsinu
501 3413 566 3454 esec
591 3389 625 3452 in
650 3392 820 3455 evellendis
841 3393 981 3458 virorum
997 3397 1122 3476 corpori
1136 3397 1244 3479 pilis.“

234 3499 277 3560 11.
295 3501 334 3560 N.
352 3502 398 3574 ri,
415 3517 464 3563 uo.
504 3500 556 3576 De
573 3489 700 3579 pumice
712 3499 797 3563 idem
816 3500 866 3576 36,
883 3521 933 3564 ur.
958 3513 1051 3578 „sunt
1065 3501 1241 3582 (pumices)

236 3603 270 3664 in
294 3623 354 3668 usu
377 3623 543 3684 corporum
567 3601 804 3682 levigandomm
830 3600 957 3672 seminis
979 3609 1041 3670 iam
1066 3607 1192 3690 quidem
1209 3615 1244 3666 et

237 3707 347 3768 ririe.“
371 3706 516 3768 Pontinas
541 3703 620 3767 dicit
643 3709 782 3771 vellendi
808 3713 981 3802 urinistras,
1011 3733 1079 3794 quse
1101 3709 1244 3787 „stricti-

239 3811 348 3870 vcllae“
366 3809 441 3872 olim
457 3811 659 3872 vocabuntur.
681 3813 729 3874 Cf.
746 3815 883 3879 Martial.
901 3819 930 3892 5,
946 3811 997 3886 42,
1013 3817 1041 3876 o.
1063 3818 1110 3888 rt,
1125 3817 1194 3886 205,
1210 3831 1242 3872 r.

239 3913 575 3989 Ovid.A.A.1‚508.
603 3917 742 3978 luveuol.
770 3931 799 3996 8,
827 3921 874 3982 16.
901 3917 1091 3983 Psilothrunr
1113 3925 1144 3976 ct
1164 3915 1241 3976 dro-

241 4037 366 4099 pacem,
388 4027 545 4096 unguenta
566 4019 766 4100 depilatoria,
795 4031 1019 4084 commemorat
1040 4019 1192 4082 Martialis
1212 4023 1240 4098 3,

240 4127 289 4204 74,
309 4143 335 4183 1.
360 4139 406 4196 ro,
421 4121 471 4196 65,
489 4133 518 4207 β.
561 4123 675 4185 Turris
693 4125 735 4186 'in
758 4125 877 4187 balneis
900 4125 978 4187 locis
994 4123 1134 4204 corporis
1150 4125 1243 4208 depi·
1285 4205 1289 4210 Ι

238 4225 339 4287 landis
359 4226 431 4302 llil,
452 4223 567 4306 pingue
592 4237 685 4290 terrae
703 4249 816 4312 genus,
838 4229 1003 4308 interitur,
1031 4230 1143 4311 quibus
1165 4235 1239 4296 dein

239 4333 322 4405 Otlr,
349 4332 543 4393 medicamen
568 4333 763 4396 corrosivum
789 4335 875 4413 lone,
896 4333 1083 4398 sandaracha
1097 4337 1239 4418 mixtum,

238 4441 320 4522 pilos
336 4438 448 4501 sensim
463 4437 622 4516 auferens,
643 4437 825 4520 imponitur.
870 4441 1009 4544 Videtur¹
1019 4451 1088 4530 pros
1101 4445 1241 4510 vellendi

239 4543 543 4611 Grues-Romanus
565 4541 628 4605 ism
648 4553 755 4610 vetere
778 4559 920 4631 receptus
937 4549 1161 4610 corrsnetndine
1178 4547 1240 4607 rni-

994 4653 1032 4694 αα
1054 4633 1071 4670 ¹*
