3046 5206
306 487 377 554 288
476 527 480 535 ι
579 439 606 484 ⁵'
684 457 1032 562 s.tr.1112.8o.81.

305 627 676 648 m

382 761 439 830 80.
498 755 692 851 obstipum
724 769 849 852 caput.
909 757 1042 850 „Quod
1072 759 1201 832 nititur
1232 761 1387 854 undique

303 905 449 978 contra,
492 891 671 984 firmoque
692 901 788 962 statu
808 892 959 979 resistit,
995 843 1336 988 otacilium‘dicjtur
1357 905 1388 966 et

170 1072 172 1082 ·
302 1024 537 1103 inflexibile.“
562 1025 603 1096 Ο.
621 1025 791 1098 Barthius
805 1023 893 1099 Λᾶν.
910 1051 946 1117 7,
968 1027 1021 1096 sti.
1037 1025 1225 1122 „Obstipq
1240 1027 1264 1098 i.
1281 1053 1313 1098 e.
1328 1031 1389 1102 in·

303 1163 452 1248 olineto,
485 1171 521 1230 et
541 1158 751 1252 gravitatem
774 1159 985 1249 simulante,
1016 1171 1156 1232 etcum
1182 1160 1388 1256 obliquitate

301 1269 415 1376 iixb.“
440 1295 518 1368 Vet
533 1293 650 1370 Sebol.
682 1293 749 1366 Est
763 1305 885 1385 gestus
899 1295 1149 1388 superbientis,
1171 1306 1215 1364 ut
1230 1295 1388 1366 Tiberii:
1468 1311 1470 1328 ⁴

295 1422 515 1520 ,decedebat
528 1429 671 1502 nervice
684 1426 803 1520 rigida
823 1439 858 1498 et
873 1427 1059 1522 obstipa..
1085 1453 1167 1526 quae
1185 1431 1306 1500 omnia
1326 1431 1387 1504 in·

302 1577 405 1661 grata
429 1577 536 1659 atque
562 1562 779 1656 arrogantiae
799 1560 947 1654 plena.“
976 1563 1122 1636 Sueton.
1149 1565 1233 1641 Tib.
1248 1563 1308 1640 68.
1334 1564 1390 1638 rel

213 1757 217 1764 .
301 1700 422 1794 potius
442 1697 580 1770 attoniti
603 1709 640 1774 et
661 1693 764 1790 quasi
782 1696 988 1784 metuentis,
1011 1707 1051 1769 ut
1065 1699 1162 1790 apud
1175 1697 1389 1772 Horatium:

248 1873 253 1884 ·
301 1831 536 1928 „Steseapite
549 1831 715 1931 obstipo,
736 1830 1027 1906 multumsimilis
1040 1803 1250 1921 metuenti,“
1264 1833 1338 1905 Sat.
1359 1853 1391 1919 a,

300 1975 339 2059 5,
363 1991 422 2064 pn
449 1969 548 2064 quod
566 1969 719 2052 suadent·
737 1965 938 2060 sequentia:
956 1963 1119 2064 figentes
1144 1955 1281 2038 lomim
1306 1979 1389 2037 ter-

300 2129 403 2195 ram,
426 2103 549 2176 oeulos
564 2102 668 2176 humi
686 2101 823 2176 defixos
837 2114 1020 2174 tenentes:
1058 2101 1200 2196 phrasis
1223 2102 1403 2183 Statianoe,

298 2239 354 2310 illi
375 2235 522 2308 similis:
548 2235 720 2322 „domum
742 2245 849 2308 torvo
871 2235 1009 2307 lumine
1031 2237 1181 2330 ligere,“
1204 2202 1288 2310 Silv.
1306 2239 1340 2328 5,
1360 2260 1391 2321 r,

301 2369 382 2440 140.
396 2365 498 2438 Arati
514 2367 625 2442 verba
636 2375 740 2443 totos
766 2391 856 2448 seqq
874 2369 1076 2454 (draconis)
1089 2370 1139 2440 ita
1152 2373 1293 2441 reddita
1308 2379 1392 2448 sunt

300 2499 513 2574 aGioerone
535 2501 580 2574 de
602 2501 681 2574 Nat.
704 2502 817 2574 Deor.
842 2521 877 2589 a,
904 2497 969 2572 ta:
1010 2496 1204 2590 Obstipum
1224 2513 1332 2592 caput
1355 2513 1392 2572 et

298 2635 402 2708 tereti
417 2633 558 2706 cervice
573 2635 784 2710 reflexumr‘
863 2629 869 2646 ’
1377 2611 1390 2626 ’

375 2837 432 2907 8ι.
452 2835 519 2908 82.
564 2834 830 2926 Quinctilianus
844 2833 1009 2904 similiter
1022 2833 1067 2902 de
1084 2825 1290 2900 oratoribus
1305 2844 1390 2902 rne-
1433 2867 1436 2876 ·

272 2945 277 2954 ¹
301 2969 511 3048 ditantibus.·
544 2969 731 3063 „resupini
737 3023 751 3061 ,
774 2977 1045 3062 spectantesque
1061 2975 1211 3051 tectum,
1233 2937 1269 3035 et
1285 2968 1389 3060 cogi-

300 3103 473 3174 tationem
488 3126 677 3175 murmurc
693 3101 902 3200 agitantes,“
924 3103 1006 3174 Inst.
1023 3098 1091 3171 Or.
1113 3121 1167 3186 10,
1180 3099 1214 3188 5,
1229 3099 1283 3168 15.
1302 3101 1388 3171 item

300 3235 553 3332 Hieronymus
571 3241 617 3310 ad
637 3237 735 3327 buno
751 3237 869 3308 Persii
883 3235 1004 3306 locum
1018 3244 1055 3304 et
1072 3223 1180 3322 5,-'11.
1202 3253 1254 3302 ra.
1281 3233 1388 3304 simul

298 3369 514 3458 respiciens:
546 3369 661 3458 „Alii,
686 3371 833 3440 sublatis
857 3369 895 3440 in
911 3371 1020 3439 altum
1035 3367 1217 3452 humeris,
1242 3377 1277 3436 et
1292 3369 1389 3436 intra

297 3525 337 3572 ee
360 3501 482 3572 nescio
505 3503 594 3596 quid
617 3505 859 3591 cornicantes,
884 3501 1178 3594 stupentibusque
1198 3479 1388 3569 intel-ram
1428 3587 1433 3597 ἱ

299 3635 431 3728 oeulis,
455 3638 632 3715 tumentia
654 3637 765 3713 verba
785 3637 1025 3724 trutinantur,
1050 3643 1108 3722 ut,
1132 3629 1163 3702 si
1178 3655 1387 3726 praeconem

253 3749 256 3761 ’
299 3772 498 3861 addideris,
537 3782 644 3867 putes
672 3757 843 3844 incedere
875 3769 1163 3864 praefecturam.“
1204 3767 1319 3861 Epist.
1350 3771 1385 3838 4.

298 3905 512 3999 Murmura,
536 3907 613 3979 rob.
632 3906 795 4002 silentia,
820 3905 940 3999 qualia
958 3905 1052 3976 canis
1070 3903 1216 3975 rabiosi.
1256 3904 1387 3976 Lectio

298 4039 434 4112 codicis
476 4043 665 4116 Pithoeani
709 4041 939 4116 vetustissimi
977 4039 1196 4134 „produrit“
1235 4061 1386 4156 correc-

295 4221 593 4246 m.—

322 4398 325 4410 .
380 4319 552 4402 Ctesiphon
576 4328 744 4412 dixerunt3
773 4327 808 4390 id
825 4329 908 4410 qnod
922 4329 983 4395 Vir
1000 4329 1066 4392 cel.
1091 4351 1130 4392 ex
1153 4322 1274 4389 idoneis
1296 4287 1386 4384 MSS·

382 4425 539 4502 qnondam
564 4431 721 4512 firmatum
742 4433 786 4494 iri
810 4435 977 4497 existimat.
1009 4437 1061 4500 Cf.
1088 4437 1129 4496 K.
1150 4435 1188 4495 L.
1205 4429 1387 4501 Schneider,

381 4529 651 4642 Elementarlelrro
665 4555 698 4641 p.
711 4541 782 4616 319.
798 4539 1024 4604 Formenlehre
1038 4561 1070 4620 p.
1086 4535 1157 4619 576.
