2888 5198
592 534 597 543 ·
661 517 748 570 str.
779 521 805 587 ι,
838 500 1013 568 neith

285 753 408 872 aliqua
420 776 632 870 properanti
644 785 761 868 poetae
776 769 994 865 indigneritis
1007 773 1269 847 sermonihaud
1283 797 1369 845 con-

289 915 439 988 veniens
463 909 650 982 inseratur.
713 904 903 1000 ingeniose
923 889 1033 978 {idem
1064 893 1205 981 heic..
1240 904 1373 980 oletum

289 1039 551 1139 interpretatur
564 1061 616 1116 ‘ex
638 1037 868 1134 metaphora,
893 1065 916 1110 a
929 1037 1071 1135 templis
1092 1052 1129 1114 et
1141 1042 1252 1114 sacris
1268 1044 1369 1120 Deo-

276 1203 374 1255 ,ιιιιιι
388 1179 434 1249 ad
449 1177 563 1248 malos
576 1189 702 1271 poetas
715 1201 783 1270 per
797 1177 978 1249 ludicrum
994 1175 1176 1266 translata,
1201 1199 1273 1271 qua
1285 1174 1372 1247 illud

290 1315 452 1388 solemne
475 1303 719 1382 ¹formularum
749 1309 921 1405 legalium
941 1313 1188 1407 antiquarum:
1230 1323 1309 1384 veto
1339 1322 1373 1383 et

282 1448 395 1545 faxit
418 1469 501 1517 etun
522 1443 681 1536 eletos),
713 1465 804 1544 voce
828 1446 993 1534 soidida,
1025 1447 1276 1537 coniunctum,
1307 1469 1374 1540 ap-

289 1585 409 1676 prime
423 1579 510 1648 sacit
525 1577 571 1644 ad
584 1575 805 1646 Monitorem
822 1573 948 1644 irrisui
965 1582 1233 1665 exponendum.
1282 1584 1375 1652 Sen-

186 1715 189 1723 '
209 1703 214 1722 ”
234 1709 239 1718 ’
290 1703 351 1784 sus
366 1706 584 1816 ergolsoret:
617 1703 758 1795 „Heio,
783 1702 824 1774 in
836 1703 894 1774 his
909 1703 1072 1778 versibus
1084 1709 1376 1810 citatispinquis,

125 1893 128 1902 ,
200 1895 210 1931 x
290 1843 469 1939 prohibeo
482 1850 524 1910 ut
538 1839 727 1934 quisquam
739 1838 846 1912 faciat
859 1839 1035 1940 oletpm'o:
1053 1840 1097 1912 iis
1112 1844 1377 1936 reprehensio-

291 1981 350 2050 nis
370 1971 549 2049 maculam
568 1952 723 2046 inuratl‘
780 1975 854 2066 „Ut
867 1975 1001 2068 grande
1021 1973 1122 2044 uesas
1140 1978 1376 2068 existhnatur,

291 2116 323 2184 si
347 2114 428 2208 quis
455 2109 577 2183 locum
600 2133 743 2182 sacrum
764 2106 1023 2204 inquinaverit,
1055 2108 1106 2178 sic
1131 2111 1307 2202 postules,
1336 2123 1379 2183 ut

291 2247 374 2339 pari
396 2243 576 2335 religione
599 2255 744 2318 caveant
766 2267 891 2317 omnes
913 2267 1064 2337 carpere
1074 2244 1261 2318 Neronem
1275 2257 1312 2318 et
1327 2247 1381 2327 illi

292 2377 427 2450 similes
441 2375 651 2470 proceres.“
699 2379 752 2449 Ita
766 2363 846 2450 ieie
861 2379 1110 2466 casaubonus,
1134 2363 1199 2471 qui
1214 2381 1381 2473 eandem,

290 2535 375 2610 ,ques
396 2509 485 2581 locis
505 2510 635 2601 sacris,
675 2511 784 2584 ctiam
809 2513 1010 2582 simulacris
1034 2497 1071 2582 et
1089 2512 1212 2582 statuis
1233 2516 1380 2606 princi—

292 2671 382 2742 pum
405 2643 602 2738 exhibitam
619 2669 699 2718 esse
719 2648 982 2736 reverentiam,
1011 2607 1286 2736 commemorat,
1308 2648 1379 2718 ad-

292 2784 369 2851 dito
385 2778 553 2872 exemplo
578 2801 624 2850 ex
649 2779 849 2874 Spartiano.
901 2782 1044 2853 ironice
1066 2783 1295 2854 concedentis
1316 2794 1383 2871 est,

292 2917 391 3011 quod
404 2915 587 3008 sequitur:
610 2907 731 3008 Pinge
744 2916 838 2985 dnos
851 2965 883 2986 ..
900 2915 1058 2988 discedo.
1109 2919 1305 3010 Serpentes
1321 2917 1381 2992 vel

262 3065 265 3071 ’
292 3051 487 3136 dracones,
514 3059 698 3141 tamquam
711 3044 782 3118 loci
798 3049 954 3138 Genios,
979 3051 1223 3145 appinxerunt
1236 3061 1383 3126 veteres

292 3187 338 3259 ad
353 3182 619 3256 conciliandum
630 3181 712 3252 loco
728 3187 979 3258 reverentiam.
1026 3187 1080 3259 Ita
1094 3187 1166 3258 duo
1182 3197 1383 3282 serpentes,

292 3343 367 3392 arse
381 3320 555 3403 custodes,
579 3315 619 3384 in
632 3315 806 3406 Numiun.
821 3316 920 3390 Hob.
935 3287 1071 3392 Goltaii
1087 3321 1194 3396 Τοιιι.
1213 3324 1247 3394 4.
1262 3321 1334 3393 tab.
1346 3323 1380 3389 4.

173 3505 178 3524 ,
291 3453 331 3523 Si
351 3473 439 3525 vera
466 3449 513 3520 sit
534 3445 661 3534 lectio,
701 3469 723 3514 a
751 3449 961 3518 Casaubono
994 3455 1147 3544 adscita,
1187 3453 1381 3544 Theophr.

291 3585 456 3657 Charact.
474 3579 529 3652 15.
547 3586 611 3648 dev
628 3585 684 3654 idtt
699 3585 814 3662 ὄψ’)
833 3590 872 3651 ie
889 3606 932 3660 a!
949 3589 1066 3673 dapne,
1093 3591 1194 3666 ism
1218 3593 1384 3654 treuvae

305 3911 335 4002 *)
374 3921 427 3980 Do
444 3887 637 4000 privatarum
663 3911 846 3981 latrinarum
867 3936 925 3980 usn
946 3885 1119 3997 hodierno,
1147 3919 1309 3984 veteribus
1332 3920 1385 4002 ig-

374 4033 466 4101 noto,
487 4021 695 4086 viu'casarb.
706 4023 746 4083 sd
763 4021 973 4104 Theophrasti
988 4024 1131 4089 charact.
1146 4047 1172 4088 c.
1192 4029 1241 4089 14.

292 4200 341 4284 *ll
374 4203 491 4268 Veram
514 4229 579 4274 esse
595 4211 762 4275 lectionem
780 4218 849 4295 tw,
870 4223 979 4295 utpote
999 4215 1034 4278 iu
1056 4213 1164 4277 codice
1187 4209 1385 4308 prestantis-

376 4305 466 4382 simo,
488 4331 505 4369 c
522 4315 714 4379 bibliotheca
723 4317 1033 4379 Palatino-Vaticana
1049 4339 1158 4380 recens
1177 4331 1266 4380 eruto
1282 4317 1384 4377 exhi-

373 4410 490 4488 bitam,
519 4420 655 4480 ostendit
672 4422 732 4482 Vir
752 4422 834 4482 Clar.
851 4423 881 4481 S.
897 4423 937 4484 N.
954 4423 980 4483 1.
996 4421 1094 4484 Bloch
1108 4422 1142 4485 in
1160 4421 1385 4503 Theophrasto

381 4517 429 4582 ed.
443 4515 531 4598 Lips.
550 4523 637 4588 1814.
660 4524 697 4586 P.
715 4541 744 4586 1.
769 4543 798 4604 p.
817 4526 885 4586 251.
1073 4575 1079 4594 ,
