3046 5206
673 471 764 544 sar.
791 473 866 539 1v.‚
892 455 948 524 28.

220 627 224 635 ,
264 598 1356 644 mmm-r*

264 727 333 802 &a
361 731 578 830 Interpretes
592 729 755 824 compita
773 729 818 800 de
836 727 896 801 die
917 730 1208 823 compitaliorum
1231 731 1354 802 culto-

264 845 366 938 ribus
382 887 554 958 agrorum
568 840 742 950 solemni,
768 864 944 960 etjugum
956 863 1078 960 figere
1094 865 1139 938 de
1157 869 1352 938 cessatione

265 1003 311 1074 ab
325 985 437 1094 opere
450 995 671 1089 intelligunt,
696 995 796 1090 quod
814 997 960 1090 quidem
974 997 1151 1092 approbat
1164 999 1353 1071 Oasaubo-

191 1119 217 1210 l.
264 1158 351 1227 nus3
385 1119 575 1205 cum‘vero
599 1131 724 1224 iugum
749 1132 808 1230 die
828 1133 923 1204 sesto·
935 1156 1008 1202 non
1025 1133 1087 1225 figi
1103 1107 1169 1206 sed
1181 1119 1352 1227 suspendi

264 1271 409 1341 solitum
424 1276 518 1337 esset
524 1317 537 1354 ,
560 1263 730 1335 Persium
748 1265 1039 1362 ritum'aliquem
1062 1245 1352 1362 compituliorum
1453 1297 1459 1310 ·

265 1403 412 1475 coniicit
425 1399 596 1493 tetigisse,
621 1399 722 1468 errius
736 1399 960 1492 ignoratione
975 1371 1130 1476 obscuro
1144 1405 1248 1475 nobis
1270 1415 1352 1473 sunt

265 1537 343 1608 eius
358 1536 485 1622 verba„
528 1534 588 1604 De
607 1532 780 1628 compitis
799 1533 850 1604 its
869 1546 972 1608 vetus
993 1523 1221 1610 scholiastes:
1247 1550 1354 1628 „sunt

262 1673 344 1744 locs
358 1671 397 1739 in
415 1643 630 1763 quadriviis,
656 1668 757 1760 quasi
771 1677 909 1760 turres,
940 1671 1003 1741 ubi
1028 1672 1221 1761 sacrificio,
1254 1672 1354 1742 linita

264 1803 497 1898 agricultura,
522 1805 647 1876 mstici
664 1801 900 1896 celebrabant
929 1803 1063 1878 Merito
1074 1819 1246 1902 pertusa,
1267 1805 1355 1897 quia
1401 1899 1406 1922 Ι
1502 1843 1503 1852 1

263 1963 332 2037 per
358 1961 478 2010 omnes
501 1945 660 2034 quatuor
680 1953 801 2033 partes
824 1951 986 2036 pateant,
1010 1941 1067 2016 vel
1080 1953 1224 2014 remota
1279 1939 1354 2011 Vel

263 2057 419 2170 compita
442 2096 516 2146 non
537 2077 653 2146 solum
678 2087 762 2145 s'unt
776 2076 815 2146 iu
831 2047 1034 2166 urlieloca,
1067 2055 1259 2148 sedetiam
1281 2074 1354 2148 vioe

260 2203 415 2300 publioae
433 2229 475 2274 ac
490 2183 704 2276 diverticula
720 2207 926 2300 aliquorum
943 2211 1150 2301 confinium,
1175 2209 1238 2282 ubi
1258 2207 1352 2280 sedi-

184 2315 192 2336 *
261 2337 353 2406 culos
368 2349 624 2406 consecrantur
637 2347 810 2428 patentes.
836 2340 880 2408 In
894 2340 950 2410 his
956 2342 1049 2438 juga
1062 2343 1178 2414 fracta
1193 2341 1354 2441 ab'ogri-

177 2447 187 2456 ⁶
228 2467 349 2540 o»colis
359 2479 564 2563 ponuntur,
597 2470 740 2542 emeriti
757 2493 798 2540 oc
812 2471 985 2544 elaborati
1003 2457 1125 2565 (iperis
1140 2475 1357 2544 indiciumf‘

159 2638 163 2646 ¹
259 2604 469 2698 speciosum
482 2604 567 2694 hoc,
589 2607 653 2678 sed
667 2611 898 2704 ᾄνιςορηιον
912 2608 994 2678 iure
1008 2603 1094 2678 <licit
1108 2607 1357 2696 Casaubonus,

185 2761 207 2802 .·
259 2765 334 2812 non
347 2739 445 2811 enim
458 2739 698 2856 insnmnsnta
711 2751 833 2812 vetera
847 2752 882 2810 et
892 2741 1036 2815 inutilis
1042 2741 1124 2814 Diis
1138 2764 1355 2858 consecrare

259 2877 374 2948 moris
393 2885 482 2965 erat,
508 2877 572 2948 sed
586 2877 656 2968 ipsi
670 2874 791 2968 potius
808 2875 963 2950 artifices
978 2901 1062 2950 cum
1077 2877 1290 2965 senuissent,
1316 2886 1353 2946 et

260 3011 305 3082 ad
328 3011 575 3112 exercendam*
594 3021 709 3080 artem
733 3031 836 3120 suum
857 3012 930 3082 ism
951 3009 1038 3083 faeti
1059 3023 1176 3106 essent
1195 3010 1351 3096 inutiles,

83 3192 86 3210 .
177 3169 202 3180 ·’
259 3154 323 3216 aut
339 3169 421 3216 cum
436 3145 702 3240 professionem
714 3155 908 3232 mutarent,
921 3146 1011 3236 artis
1025 3169 1102 3216 susc
1116 3144 1351 3216 instrumenta

259 3279 342 3349 Deo
372 3279 450 3348 eius
474 3277 624 3370 praesidi
654 3277 877 3351 dedicabant.
925 3280 1004 3350 lun.
1033 3277 1282 3370 Philatgyrius
1306 3275 1350 3343 sd

20 3407 22 3420 '
147 3495 151 3502 .
261 3409 364 3500 virg.
380 3409 515 3504 Georg.
543 3431 578 3497 s,
599 3415 681 3484 382.
703 3414 859 3506 compito
868 3413 918 3485 its
932 3413 1122 3484 deliniens:
1159 3413 1284 3500 „locus
1305 3431 1350 3478 ex
1427 3411 1437 3436 ⁰

260 3543 425 3638 pluribus
439 3545 601 3635 partibus
618 3545 721 3636 inse,
742 3548 800 3622 vel
818 3547 858 3618 in
873 3549 1015 3619 easdem
1028 3557 1148 3639 partes
1165 3557 1210 3612 ex
1223 3565 1261 3612 se
1273 3541 1351 3612 vias

262 3691 368 3772 atque
382 3677 517 3748 itinera
531 3678 714 3770 dirigens,
735 3682 810 3755 sive
832 3683 864 3751 is
884 3705 966 3768 cum
982 3703 1062 3766 ars,
1087 3677 1165 3751 sive
1180 3676 1259 3746 sine
1275 3699 1350 3766 ars,

176 3897 180 3906 Ι
262 3815 338 3891 siva
353 3813 419 3884 sub
435 3821 546 3900 tecto,
577 3814 651 3885 sive
666 3813 733 3884 sub
755 3816 837 3888 divo
854 3817 916 3905 sit,
937 3813 998 3884 ubi
1021 3823 1177 3908 agrestes
1198 3811 1352 3882 buccina

262 3931 447 4018 convocati
468 3946 585 4018 solent
603 3959 703 4018 corto
733 3949 1035 4040 inite,consilia‚“
1063 3947 1156 4020 nihil
1177 3946 1285 4052 habet
1304 3945 1350 4014 dc

262 4079 385 4150 fractis
411 4093 447 4152 et
468 4083 686 4154 consecratis
698 4085 792 4178 iugis
805 4081 877 4158 illic
894 4085 1072 4177 repositis.
1122 4085 1221 4168 Hinc
1242 4083 1351 4154 satius

263 4211 349 4280 duxi
356 4263 370 4298 ,
401 4233 484 4285 cum
505 4217 716 4288 Murmollio
737 4217 799 4289 illa
814 4220 1104 4312 compitaliorum
1119 4221 1224 4310 festa,
1253 4229 1349 4289 tam-

262 4353 369 4438 quam
384 4345 468 4414 huic
483 4347 563 4418 loco
580 4353 714 4440 atiena,
740 4353 847 4423 missa
862 4352 1003 4443 fecere,
1028 4366 1070 4426 et·
1080 4324 1244 4451 compita
1253 4375 1349 4450 per-

263 4489 368 4566 tusa,
401 4479 496 4572 loca,
528 4481 566 4552 in
589 4503 672 4576 quas
692 4487 813 4558 multoe
834 4489 902 4562 viae
925 4492 1160 4581 conveniunt,
1194 4490 1350 4580 ideoque
