2868 5200
477 508 566 562 sen.
594 511 654 578 v.,
679 495 820 587 52-79.
927 529 930 537 ¹
1163 519 1207 568 ει
1323 473 1327 494 '¹

110 631 1205 686 -········-···-·····r---·-

192 765 302 839 Mille
316 765 505 837 bominum
520 769 660 864 species
667 821 679 856 ,
712 781 749 840 et
766 792 891 842 rerum
905 773 1065 842 discolor
1082 795 1177 844 usus.

112 903 161 976 V
155 901 226 974 elle
242 925 350 972 suum
360 903 490 998 cuique
503 915 581 988 est,
607 912 674 974 nec
696 917 782 974 octo
804 907 943 977 vivitur
963 931 1045 978 uno.

112 1035 306 1112 Mercibus
320 1035 380 1108 bic
396 1037 509 1108 Italis
525 1049 651 1108 mutat
674 1037 740 1108 sub
757 1039 831 1108 sole
843 1041 982 1112 recenti
1047 1001 1058 1020 ι

111 1175 310 1270 Rugosum
321 1169 436 1266 piper
451 1183 488 1242 et
499 1172 683 1279 pallentis
694 1197 819 1267 graeca
835 1175 991 1262 cumini5
1066 1196 1075 1208 ·
1134 1162 1137 1176 ⁴

113 1307 194 1379 Hic
209 1317 320 1376 satur
330 1305 475 1400 irriguo
491 1305 635 1376 mavult
658 1315 866 1401 turgescere
880 1331 1006 1378 somno
1014 1337 1026 1398 ,-
1146 1390 1148 1396 ,

114 1443 196 1515 Hic
211 1449 346 1536 campo
362 1439 531 1536 indulget
537 1463 551 1526 ;
575 1440 675 1516 lutnc
687 1441 773 1510 alea
790 1442 985 1536 decoquit5
1007 1443 1070 1514 ille
1187 1437 1199 1515 J

115 1579 165 1650 ln
181 1575 362 1648 Venerem
376 1585 433 1646 est
442 1573 581 1670 putris.
643 1573 719 1644 Sed
739 1597 823 1644 curn
837 1575 1014 1669 lapidosa
1031 1579 1209 1672 chiragra

113 1711 287 1807 Fregerit
311 1708 509 1794 articulos,
541 1707 680 1780 veteris
702 1687 867 1780 ramalia
879 1711 995 1806 sagi,

119 1847 224 1918 Tunc
240 1867 384 1916 crassos
402 1841 582 1917 transisse
596 1842 695 1934 dies,
718 1842 907 1940 lucemque
920 1848 1149 1941 palustrem,

114 1981 171 2054 Et
186 1978 256 2052 sibi
271 1981 349 2050 iam
365 1977 440 2052 seri
453 1976 572 2048 vitam
587 1978 795 2074 ingemuere
810 1980 992 2050 relictam.

192 2175 248 2251 At
265 2189 302 2248 te
317 2176 508 2246 nocturnis
523 2175 626 2249 btvat
640 2179 893 2276 impallescere
908 2159 1070 2264 chartis,

113 2315 252 2386 Cultor
266 2308 365 2381 enim
378 2311 420 2380 es'
434 2311 623 2402 iuvenum;
647 2327 838 2412 purgatas
857 2315 987 2385 inseris
1000 2338 1110 2384 aures

111 2451 248 2543 Fruge
262 2443 475 2516 Cleanthea.
527 2447 655 2521 Petite
670 2449 756 2520 binc
772 2447 988 2546 iuvenesque
1002 2439 1178 2544 senesque
1191 2507 1193 2515 .

1 2617 2 2624 ¹
115 2584 252 2656 Finem
268 2578 394 2651 animo
409 2591 552 2652 certum
559 2636 572 2671 ,
598 2583 813 2680 miserisque
824 2580 967 2655 viatica
981 2584 1095 2652 canis.
1111 2621 1161 2636 -
1182 2671 1186 2682 μ

114 2711 429 2807 „Crasbocfiet.“
452 2714 559 2788 [dem
568 2741 652 2788 cras
653 2716 738 2812 flet.
765 2717 902 2808 „Quid,
918 2717 1212 2814 quasimaenum

118 2850 264 2944 Nempe
278 2847 377 2918 diem
391 2849 561 2920 donas?“
610 2851 685 2923 Sed
698 2877 783 2922 cum
802 2852 867 2921 lux
881 2851 1005 2921 altera
1020 2851 1139 2938 venit,

116 2987 205 3056 Iam
219 3007 304 3056 cras
316 2982 529 3054 besternum
543 2986 845 3080 consumpsimus.
899 2981 994 3054 Ecce
1008 2984 1115 3054 aliud
1131 3009 1215 3054 cras

118 3117 253 3212 Egerit
269 3117 337 3188 bos
353 3139 490 3201 annos,
516 3129 555 3188 et
570 3142 715 3212 semper
724 3115 901 3212 paullum
916 3117 987 3185 erit
997 3115 1115 3183 ultra.
1236 3180 1241 3190 ,

121 3251 225 3320 Nam
243 3251 414 3344 quamvis
426 3273 548 3346 prope
564 3262 618 3338 te,
644 3247 814 3346 quamvis
826 3261 967 3319 temone
984 3247 1049 3318 sub
1068 3273 1141 3320 uno

121 3383 164 3454 V
158 3366 341 3454 ertentem
356 3405 452 3474 sese,
476 3385 635 3478 frustra
647 3382 834 3454 sectabere
848 3383 1024 3458 canticum
1030 3438 1042 3472 ,

122 3517 214 3590 Cum
230 3529 317 3588 rota
323 3519 512 3635 posterior
526 3543 656 3592 curras
673 3532 711 3591 et
728 3519 767 3590 in
782 3543 852 3590 aete
868 3523 1036 3592 secunda.

196 3701 391 3789 libertate
404 3743 496 3815 opus
511 3735 567 3792 est
575 3775 588 3808 ,
613 3747 688 3792 non
705 3721 797 3810 bac,
823 3742 898 3818 qua
912 3722 1067 3816 qctieque
1077 3719 1215 3788 Velina

121 3844 281 3922 Publius
294 3856 470 3941 emeruit,
502 3854 709 3929 scabiosum
726 3855 909 3963 tesserula
924 3855 1000 3946 far

122 3985 308 4056 Possidet.
360 3987 450 4059 Heu
466 3979 706 4062 steriles'oeri
713 4041 726 4075 ,
751 3987 882 4084 quibus
894 4011 976 4057 uua
989 3983 1173 4070 Quiritem

125 4121 168 4192 V
164 4095 285 4218 ertigo
301 4123 430 4214 facit!
478 4123 558 4194 Istc
574 4121 710 4192 Dama
723 4135 777 4192 est
797 4143 870 4191 non
887 4120 1014 4190 tressis
1029 4145 1165 4216 agaso,

124 4253 168 4326 V
164 4279 270 4350 appa
286 4269 324 4326 et
341 4257 488 4353 lippus,
511 4269 548 4328 et
563 4259 601 4329 in
619 4259 721 4328 tenui
734 4255 942 4352 farragine
958 4257 1136 4328 mendax:

124 4389 168 4462 V
163 4391 295 4462 erterit
309 4391 404 4462 bum
417 4394 604 4479 dominus,
628 4405 811 4464 momento
832 4385 987 4462 turbinis
1007 4394 1082 4464 erit

2 4604 5 4620 ‚
122 4523 284 4600 Marcus
296 4523 626 4628 Dama-Papa
634 4529 650 4600 l
657 4525 847 4604 -Morco
858 4531 1060 4628 spondente
1070 4553 1219 4602 recusas
