2868 5200
338 443 384 512 54
516 461 521 470 ’
760 459 876 510 raon.
908 443 988 514 1-3.

336 585 706 616 -----··-÷-

336 715 412 786 bris
425 713 598 787 nonnihil
614 716 851 816 immutatum,
872 717 1052 810 exprimit.
1106 718 1303 810 caballino,
1324 749 1394 798 vocs

336 873 423 924 usus
442 861 496 920 est
513 871 583 942 pro
604 873 707 922 more
727 872 793 924 suo
813 850 971 939 insolita,
1009 816 1083 924 non
1110 854 1198 926 item
1225 855 1394 928 inhonesta

334 985 433 1079 quod
445 985 684 1076 interpretum
697 983 807 1076 aliqui
821 983 1006 1076 dixerunt,
1031 989 1096 1062 sed
1108 989 1248 1080 iocosa,
1271 990 1394 1062 utH0r

333 1119 405 1226 Sat.
423 1144 462 1209 1,
488 1118 531 1208 6,
555 1123 613 1212 59.
651 1119 805 1206 quenal.
822 1121 863 1208 5,
890 1123 967 1192 118.

394 1350 444 1426 ἀ.
473 1359 505 1426 5.
531 1353 699 1450 Bicipiti.
750 1352 877 1440 „Mons
897 1354 947 1424 ibi
968 1359 1161 1430 verticibus
1179 1361 1268 1452 petit
1284 1361 1394 1430 ardun

333 1501 430 1560 astra
451 1487 609 1572 duobus,
623 1465 795 1555 'Nomine
816 1487 1031 1577 Parnassus,
1068 1508 1285 1588 superatque
1304 1518 1394 1564 cacu

331 1623 428 1693 mine
441 1619 588 1689 nubes.“
637 1617 744 1688 Ouid.
760 1617 903 1688 Metam.
931 1641 945 1686 1
955 1653 968 1710 ,·
995 1623 1079 1692 516.
1147 1627 1278 1698 Statius
1291 1631 1394 1716 „Pap

327 1755 474 1826 ‘n'sssum
489 1751 723 1844 utrumque,“
747 1749 834 1820 item
849 1750 1082 1838 „bicornem“
1106 1769 1143 1830 et
1161 1761 1394 1849 „biverticem⁴

332 1891 425 1963 dixit
444 1887 560 1968 Theb.
587 1912 625 1976 r,
657 1885 717 1958 62.
751 1885 834 1958 628.
869 1911 911 1980 7,
945 1889 1027 1960 546.
1078 1894 1262 1966 Parnaso.
1321 1899 1394 1985 Cur

332 2026 544 2095 auctoritate
571 1995 866 2094 membranarum
892 2023 1132 2121 codicumque
1151 2027 1394 2102 Hauniensiur

331 2158 490 2250 quinque
517 2166 552 2228 et
579 2155 768 2249 Tigurini,
815 2179 1136 2254 nummorumque,
1189 2173 1225 2234 et
1250 2163 1394 2260 analogi

329 2293 427 2364 vocis
442 2289 699 2361 Halicarnasus
719 2289 805 2358 sacia
819 2289 1019 2384 euphonia,
1050 2297 1109 2366 cui
1123 2297 1185 2369 iila
1202 2333 1232 2368 rs
1249 2323 1284 2370 ss
1298 2301 1394 2374 itera

244 2429 250 2457 ¹
328 2432 380 2516 tic
402 2411 624 2523 (somniasse
645 2426 858 2523 Parnasso)
873 2428 994 2499 officit.
1045 2430 1187 2500 Graecis
1203 2432 1394 2515 itanum

327 2579 483 2647 limosos,
502 2589 528 2630 st
545 2577 714 2642 Παρνασσοσ,
734 2575 896 2644 Hammon
937 2613 944 2636 ,
969 2563 1051 2636 vid.
1069 2563 1254 2635 Drakenb·
1271 2565 1317 2636 fld
1331 2566 1394 2638 Li*

328 2705 394 2790 42,
414 2700 475 2788 16,
505 2724 535 2771 r.
561 2710 595 2769 et
610 2697 658 2772 K.
667 2697 709 2768 L.
717 2697 928 2788 Schneider,
940 2698 1253 2770 Elemeularlehre
1265 2702 1338 2805 der
1356 2701 1394 2772 la

316 2835 496 2927 ¹Sprache.
522 2831 642 2906 Berol.
665 2834 768 2924 1819.
779 2855 857 2925 pag.
877 2833 960 2912 441,
986 2833 1180 2920 Hesiodus,
1205 2805 1341 2927 „quem
1358 2837 1394 2907 di

161 2998 164 3010 ·
207 3001 212 3012 ¹
325 2981 457 3041 cuntur
469 2967 584 3058 Muses
597 2978 740 3061 raptum
758 2967 803 3034 de
817 2978 941 3037 monte
952 2969 1112 3039 Parnaso
1127 2978 1271 3060 poetam
1284 2967 1394 3042 seciss

246 3097 248 3104 '
322 3127 476 3174 munera
498 3103 757 3188 calamorum,“
789 3101 960 3192 (Servius
981 3101 1027 3172 ad
1046 3101 1150 3194 virg.
1166 3101 1241 3172 Ecl.
1262 3103 1305 3190 6,
1337 3131 1394 3200 70

321 3237 401 3328 ipse
409 3261 447 3306 se
454 3239 626 3328 praedicat
634 3237 800 3340 edoctum
824 3221 965 3306 ‘sams
984 3245 1033 3330 ι’πρ
1052 3250 1172 3318 tanna,
1198 3237 1349 3332 Theog.
1364 3268 1394 3311 α,

247 3371 262 3400 ”
323 3371 545 3460 „Parnassus
561 3393 665 3440 mons
678 3381 731 3441 est
747 3371 786 3440 in
806 3377 856 3422 ω’-
877 3381 953 3458 eta,
986 3372 1026 3440 in
1047 3395 1120 3464 quo
1141 3375 1223 3442 duae
1239 3375 1394 3450 civitais

320 3503 422 3599 Nysa
437 3516 471 3576 et
485 3491 637 3600 Cyrrha
688 3507 786 3576 Inter
806 3503 887 3572 ilias
898 3504 1059 3576 civitates
1073 3505 1213 3576 Ennius
1229 3509 1373 3582 scribit
1391 3545 1394 3581 s

321 3637 546 3728 donuirisse,
569 3651 605 3710 et
618 3639 668 3708 ibi
684 3639 849 3732 spiritum
858 3639 1062 3710 Homeriin
1076 3641 1279 3728 sevenisse,
1303 3653 1393 3736 que

319 3773 452 3848 irridet
465 3773 647 3846 Persius.“
709 3773 840 3845 Glossa
860 3797 907 3843 ex
928 3773 1175 3865 antiquissimo
1195 3777 1331 3848 codice
1357 3807 1394 3854 rn

318 3907 435 3978 Persii
449 3911 545 4001 apud
560 3910 665 4000 cap.
679 3907 887 3994 Bauium,
912 3906 1063 3986 Advers.
1079 3909 1146 3998 56,
1172 3929 1205 3980 a.
1267 3909 1394 3988 Veru

318 4053 355 4112 et
369 4045 572 4115 mediocres
587 4055 703 4137 poetae
717 4043 866 4113 eandem
881 4043 1040 4114 divinam
1060 4043 1337 4120 institutionem
1356 4056 1394 4123 si

317 4179 546 4268 arrogabant.
588 4177 1101 4266 'Commentadshominibuq
1126 4179 1284 4274 quisine
1303 4183 1394 4277 ingi

314 4310 379 4387 nio
393 4322 429 4384 et
443 4314 564 4386 studio
584 4335 652 4405 per
670 4337 837 4384 somnum
859 4323 1011 4403 repente
1031 4323 1150 4405 poetae
1171 4311 1257 4383 facti
1279 4337 1394 4390 esser

315 4447 492 4544 congessit
505 4446 708 4542 Gyraldus‚
733 4445 829 4519 Dial.
845 4449 879 4520 5.
903 4447 1058 4542 depost.
1076 4447 1155 4518 hist.
1174 4445 1353 4521 Memini
1372 4479 1394 4524 n
