2868 5200
299 449 347 518 58
652 545 659 562 '
744 459 836 527 sar.
863 459 900 526 1,
929 441 1010 548 15.ι

297 731 441 818 gustus,
466 717 614 791 devicto
637 713 795 788 Antonio
819 727 857 790 et
881 716 1094 809 Cleopatra,
1129 740 1173 786 ex
1199 727 1379 790 marmore

295 855 456 930 Lunensi
476 851 683 942 educavit,
723 853 777 922 ita
796 851 843 924 G.
869 852 1057 956 Fabricius
1080 853 1118 922 in
1141 850 1380 944 descriptione

159 956 164 970 ⁵
296 991 408 1082 Urbis
422 989 552 1062 Romae
566 1009 607 1082 9:
658 983 832 1077 „Nulluin
852 987 922 1070 suit
938 988 1057 1082 poetis
1072 955 1270 1072 celebrius,
1295 985 1381 1071 nul--¹

190 1141 199 1164 ‘
295 1121 372 1196 lum
389 1124 494 1196 donis
511 1123 738 1218 opulentius,
762 1123 942 1217 siquidem
961 1121 1142 1218 Augustus
1166 1143 1293 1192 aureas
1314 1143 1381 1190 ar-

295 1271 511 1354 genteasque
535 1272 685 1346 statuas,
722 1259 777 1330 sai
798 1258 950 1332 honoris
972 1259 1087 1353 gratie
1108 1255 1258 1350 positas,
1296 1253 1382 1324 huic

294 1395 428 1486 templo
457 1395 627 1467 donavit‘
650 1387 718 1464 &c
786 1391 844 1468 Ad
865 1395 936 1466 hoc
955 1393 1129 1486 templum
1156 1390 1384 1462 recitationes

287 1507 389 1600 Hor.
404 1531 475 1600 Sat.
495 1553 540 1614 .1‚
572 1547 635 1614 ro,
661 1527 718 1596 58.
746 1537 783 1596 et
800 1528 869 1617 Ep.
892 1547 935 1613 a,
963 1547 1003 1612 s,
1026 1529 1085 1618 94.
1113 1549 1383 1598 commemora-

294 1671 348 1729 tos
362 1659 477 1732 refert
491 1625 593 1732 Aleti.
610 1659 775 1736 Domum
788 1659 834 1730 de
849 1651 1087 1732 Urbe'Romn
1103 1663 1137 1730 3.
1164 1669 1172 1683 “
1195 1659 1296 1732 Hinc
1314 1685 1383 1732 re-

294 1792 479 1864 citationes
498 1805 627 1887 postea
647 1791 798 1865 sublate
819 1791 988 1868 ridentur
1010 1793 1078 1866 sub
1100 1791 1271 1883 Nerone,
1295 1817 1386 1864 sum

294 1951 443 2003 auream
457 1929 606 2002 domum
622 1941 880 2020 construeret‚.
894 1952 972 2026 quo
987 1927 1157 2024 strepinrs
1172 1938 1208 2000 et
1221 1927 1384 2020 applau-

293 2037 354 2138 sus
377 2067 671 2138 acclamationum
692 2063 834 2160 longius
855 2089 877 2134 a
891 2064 1024 2158 palatio
1043 2075 1079 2138 et
1091 2061 1238 2136 auribus
1255 2063 1384 2156 impe-

292 2199 424 2269 ratoris
454 2197 765 2274 remorer-entus·
808 2201 938 2272 Postea
967 2211 1087 2273 certus
1120 2165 1239 2306 nullus
1276 2195 1386 2269 locus

231 2361 234 2368 ·
291 2327 417 2428 fine),
447 2333 499 2405 ita
518 2345 559 2404 ut
580 2334 766 2404 recitaturi
789 2333 882 2404 atria
905 2344 946 2406 et
971 2334 1152 2406 auditoria
1172 2335 1385 2406 conducere

157 2461 162 2466 ’
290 2463 349 2587 vel
371 2441 540 2558 precibus
564 2467 755 2564 acquirere
779 2461 1073 2556 constituerint,
1097 2467 1213 2541 donec
1229 2467 1274 2536 ab
1292 2467 1386 2537 Ha-

22 2621 24 2632 ’
157 2626 164 2648 ·
220 2579 237 2692 .'
291 2599 420 2676 driano
445 2601 659 2674 Athenaeum
683 2592 936 2674 aedificaretur.
994 2603 1178 2694 „Domum
1192 2610 1387 2672 mutuatur

290 2711 412 2836 (poete
427 2735 657 2828 recitaturus)
675 2737 896 2810 auditorium
912 2736 1075 2824 exstruit,
1099 2733 1269 2806 subsellia
1282 2757 1388 2804 con-

290 2869 390 2940 ducit
420 2881 456 2941 et
481 2867 622 2942 libellos
653 2869 862 2966 dispergit“
928 2871 1023 2943 Dial.
1047 2869 1243 2942 decausis
1267 2868 1386 2941 Corr.

287 3003 418 3100 Eloqu.
444 3027 478 3100 9.
529 3001 742 3098 splendidas
762 3015 798 3076 et
817 3003 1024 3100 magnificas
1041 3005 1139 3076 aedes
1156 3013 1302 3074 mutuas
1319 3018 1390 3080 aut

232 3201 236 3208 .
288 3135 387 3211 ultro
401 3139 667 3212 commendatos
682 3151 799 3233 poetae
816 3142 1008 3235 petierunt
1067 3110 1225 3213 lurensi.
1245 3165 1290 3236 7,
1320 3143 1387 3236 59.

293 3294 333 3360 1,
362 3295 418 3342 rs.
474 3275 527 3344 Itu
541 3275 700 3346 Titinius
716 3275 843 3368 Capito
860 3277 1009 3347 domum
1022 3299 1124 3348 suam
1139 3272 1390 3349 recitantibus

186 3406 193 3416 “
287 3403 455 3496 praebuit,
480 3403 751 3500 arrditoriajpse
766 3409 1007 3503 frequentans.
1060 3411 1151 3482 Plin.
1167 3411 1234 3501 Ep.
1250 3411 1291 3498 8,
1324 3435 1388 3482 12.

286 3537 344 3609 De
360 3539 547 3609 conductis
562 3539 741 3614 subselliis
753 3544 907 3616 luvenal.
924 3571 966 3638 7,
994 3547 1052 3616 45.
1104 3514 1271 3614 Tandem
1296 3535 1392 3620 cuin

287 3683 323 3746 et
337 3671 548 3746 Athenaeum
559 3663 812 3750 recitatoribus
825 3684 1079 3774 compleretur,
1103 3677 1142 3746 in
1158 3673 1393 3754 bibliotheca

287 3809 414 3904 Ulpia,
445 3808 548 3882 libris
571 3809 645 3882 iarn
665 3835 795 3904 vacua,
827 3837 919 3928 quos
935 3812 1181 3888 Diocletianus
1204 3809 1246 3883 in
1269 3813 1392 3888 ther-

322 4042 351 4128 *l
371 4047 452 4110 AEro
466 4049 570 4114 saltim
582 4052 731 4118 Ventntii
745 4057 911 4124 Fortunati
927 4081 991 4124 non
1003 4057 1067 4122 alio
1080 4058 1115 4122 in
1129 4059 1208 4122 urbe
1217 4061 1300 4125 Ioco
1316 4064 1392 4128 frc-

368 4156 515 4234 quertino
524 4157 654 4220 recitata
665 4173 809 4242 poemata
817 4163 977 4259 videntum
999 4187 1092 4249 quam
1109 4166 1142 4228 in
1152 4165 1224 4227 foto
1234 4169 1393 4248 Traiani,

251 4267 255 4276 ’
366 4254 403 4318 id
417 4261 500 4338 quod
517 4269 670 4326 testantur
686 4285 795 4330 versus
811 4267 904 4333 buius
916 4284 1015 4352 poetae
1031 4273 1051 4333 l.
1067 4275 1096 4349 3,
1110 4275 1160 4334 23·
1180 4271 1392 4347 „Vixmodo

367 4371 432 4422 tam
447 4361 550 4428 nitido
566 4367 714 4451 pomposa
733 4383 877 4454 poemata
894 4375 981 4442 cultu
1003 4368 1105 4442 dudit
1122 4375 1263 4456 Traiano
1280 4377 1393 4444 lloma

367 4465 506 4552 uer-suda
526 4469 628 4532 loro.“
1344 4461 1354 4478 ⁸
1391 4463 1399 4496 ³
