2984 5204
204 381 276 452 406
331 373 335 386 '
576 391 667 456 sur.
696 393 750 460 v,
778 373 908 464 69-72.

205 510 1291 548 ...mm

205 659 266 731 isse
279 655 396 728 Persii
410 653 557 739 citatur,
579 672 647 719 neo
662 648 802 739 uspiam
816 649 854 716 in
870 630 1064 718 codicibus.
1114 645 1221 718 Nullo
1243 647 1293 716 li-

207 792 359 862 brorum
381 748 593 856 auctoritate
612 783 737 854 nititur
766 781 873 854 lectio
907 779 1114 874 Scaligeriz·
1144 781 1296 874 „Egerit

207 923 279 994 hoc
295 943 427 1007 annos,
453 941 598 1014 semper
612 914 762 1008 paulurn
775 917 891 1008 egerit
907 913 1038 984 ultro.“
1063 915 1152 986 God.
1172 915 1294 986 Heuu.

208 1057 355 1150 quidem
374 1055 551 1124 secundus
562 1075 573 1132 :,
593 1051 744 1144 „Egerit
761 1051 882 1143 hoo;“
903 1058 1065 1122 ceterum
1087 1059 1128 1118 ut
1141 1047 1294 1144 vulgato.

207 1188 301 1261 lund
325 1185 439 1282 egerit
462 1186 583 1256 neseio
599 1207 665 1256 our
678 1207 803 1255 omues
818 1184 1033 1276 interpretes
1047 1195 1182 1275 praeter
1201 1185 1295 1254 Pas-

209 1321 361 1394 sowium
377 1315 413 1409 ⁴³)
437 1341 672 1411 011„eger0‚·
694 1319 832 1412 egessi“
857 1319 1036 1396 deducent
1057 1297 1092 1387 et
1113 1317 1295 1408 exponant

209 1479 279 1550 per
306 1463 491 1544 „evoouot,
529 1447 713 1538 exhaurit,
752 1453 940 1524 absumit.“
997 1451 1191 1541 Notionem
1212 1451 1294 1542 pel-

143 1599 146 1609 '
210 1588 327 1676 lendi,
352 1584 591 1680 protrudendi
614 1585 714 1660 verbi
743 1588 853 1678 „ng'o,
876 1586 957 1682 egi“
976 1583 1101 1661 suadet
1115 1583 1193 1654 haec
1208 1607 1296 1654 ora-

210 1721 319 1794 rionis
333 1721 445 1796 series
458 1729 493 1790 et
507 1741 658 1816 sequens
676 1719 882 1798 similitudo.

264 1941 395 2012 70-72.
447 1915 572 2008 „Nom
579 1917 736 2010 frustra
750 1917 936 1996 sectabere
950 1920 1138 2004 canthum,
1159 1939 1295 2012 quom-

212 2054 269 2128 vie
286 2062 487 2126 vertentem
502 2073 578 2120 sere
586 2073 706 2150 prope
724 2065 771 2141 te,
797 2053 967 2152 quamvis
982 2065 1123 2124 temone
1137 2049 1201 2122 sub
1214 2074 1298 2138 uno,

202 2213 297 2258 ,cum
306 2197 345 2256 tu
354 2207 494 2270 curras,
510 2184 611 2275 quasi
620 2195 706 2262 rota
713 2188 904 2282 posterior
918 2201 955 2260 et
969 2187 1007 2258 in
1024 2211 1093 2260 axe
1108 2185 1298 2260 secund0·“
1354 2223 1361 2234 ·

215 2321 360 2410 Quanto
375 2317 556 2410 posterior
571 2328 651 2387 rota
671 2321 784 2410 magis
800 2321 1051 2416 progreditur,
1076 2331 1172 2390 tento
1195 2319 1302 2412 prior

215 2453 328 2544 magis
346 2450 542 2542 antecedit3
564 2454 747 2544 posterior
760 2477 845 2548 ergo
859 2453 1032 2546 priorem,
1053 2453 1213 2562 quamvis
1229 2453 1300 2522 sub

181 2647 187 2668 ,
217 2589 346 2656 eodem
362 2608 475 2658 curru
489 2586 710 2680 ministerque
728 2587 890 2658 distantia
904 2609 1075 2682 sequens,
1099 2606 1302 2678 numquam

218 2721 430 2814 assequitur.
479 2723 534 2795 Ito
548 2745 627 2792 cres
644 2719 747 2810 illud,
773 2722 871 2814 quod
886 2745 1030 2816 semper
1044 2722 1083 2792 in
1099 2744 1163 2792 ore
1175 2717 1301 2806 habes,

219 2853 380 2946 quamvis
401 2855 533 2948 exiguo
556 2856 729 2948 temporis
750 2857 866 2949 spruo
881 2857 1031 2945 distans,
1056 2853 1301 2950 procrastina-
1341 2935 1347 2948 ι

218 2989 318 3058 tione
341 3011 536 3084 numquam
560 2991 720 3082 attinges.
779 2988 858 3060 Alio
872 2991 1104 3062 similitudine
1117 2991 1155 3062 in
1176 2987 1301 3060 oedem

219 3145 262 3190 re
279 3119 596 3198 utiturHorotius:
622 3121 779 3216 „Sapere
795 3123 905 3217 sude;
930 3125 1062 3217 Incipe.
1114 3122 1190 3217 Qui
1205 3130 1301 3192 reete

157 3259 176 3282 ‘
222 3255 367 3328 vivendi
396 3267 571 3353 proroget
595 3249 745 3344 horem,
789 3257 959 3334 Rusticus
981 3269 1178 3353 exspectat,
1216 3257 1303 3328 dum

93 3391 99 3406 ’
220 3385 352 3456 defluat
367 3387 499 3476 amnis,
522 3388 629 3460 atille
643 3390 814 3478 Labitur,
839 3401 875 3461 et
897 3391 1038 3466 labetur
1058 3394 1215 3473 inomne
1231 3413 1302 3462 vo-

219 3516 341 3610 lubiiis
354 3507 508 3591 aeitum.“
532 3523 599 3613 Ep.
621 3546 651 3610 1,
668 3543 701 3608 o,
718 3525 774 3592 40.
830 3523 1006 3615 (orditus,
1025 3525 1155 3600 lomina
1168 3523 1301 3610 ferrea,

137 3678 140 3686 ¹
178 3751 181 3760 ³
221 3673 293 3745 qua
311 3653 552 3726 extremitates
566 3663 655 3724 rotae
672 3655 894 3746 muniuntur,
919 3663 988 3750 pro
1001 3661 1081 3752 ipsa
1091 3669 1179 3734 rou.
1205 3659 1302 3729 Bar-

220 3787 438 3876 barismum,
477 3797 512 3860 et
542 3787 688 3882 quidem
719 3787 848 3862 Afrum
874 3760 931 3864 vel¹
951 3794 1172 3888 Hispanum,
1201 3801 1307 3864 vocat

208 3918 503 4014 'Quinctilinnusr
545 3923 599 4016 „si
621 3923 701 4018 quis
717 3921 846 4002 Asuun
869 3928 927 3998 vel
945 3925 1150 4020 Hispanum
1165 3925 1304 4000 Lotinae

223 4051 376 4132 orationi
393 4079 523 4136 nornen
541 4055 681 4148 urserat,
707 4070 745 4139 ut
761 4059 914 4148 serrum,
940 4081 1011 4154 quo
1026 4071 1116 4138 rotae
1134 4041 1306 4134 vinciun-

224 4217 516 4244 ...ὴ-,ὗ-

149 4325 151 4332 ’
243 4317 279 4394 *)
310 4319 372 4406 Εἰιι
393 4325 522 4387 auderes
540 4327 673 4408 Morgon
696 4309 827 4393 'l'roib'et
848 4331 899 4394 die
924 4331 1009 4410 Zeit,
1028 4333 1095 4396 und
1113 4353 1146 4392 es
1163 4331 1240 4394 eilet
1257 4327 1308 4392 dir

313 4431 385 4484 stur
400 4430 607 4508 nosueuigen
624 4435 667 4497 W
669 4453 704 4511 cg
719 4455 787 4496 vor.
