2938 5208
240 1273 260 1310 x
403 1109 751 1266 sartan
820 1113 920 1221 m.
1040 1047 1050 1056 ’

121 1319 312 1454 Epistolae
333 1362 413 1473 loco
434 1365 569 1458 scripta
589 1375 643 1435 est
666 1365 710 1468 ad
729 1361 886 1438 Caesium
900 1363 1081 1453 Bassum,
1106 1386 1202 1458 poe·

120 1489 190 1566 toni
204 1495 372 1590 lyricum,
389 1499 449 1592 qui
466 1501 532 1572 sub
547 1499 693 1572 Nerone
705 1513 741 1574 et
753 1501 1030 1596 imperatoribus
1037 1499 1203 1594 proxime
1232 1582 1236 1602 1

120 1630 351 1724 sequentibus
367 1633 533 1704 floruisse
548 1635 701 1708 videtur.
733 1635 825 1706 Nam
842 1635 996 1706 anticum
1013 1657 1097 1706 eum
1106 1635 1202 1708 Pcr-

119 1733 212 1836 stim
227 1766 380 1860 aprima
395 1749 633 1839 idolescentia
648 1769 826 1857 tabuisse,
850 1769 953 1840 aocet
969 1769 1113 1862 antiqua
1127 1762 1203 1840 hu-

119 1901 176 1970 ius
194 1899 290 1992 Vita,
305 1911 342 1972 et
354 1899 631 1994 Quinctilianus,
657 1903 720 1998 qui
734 1903 934 1978 Domitiani
948 1913 1097 2000 nepotes
1112 1927 1204 1972 eru-

119 2035 205 2124 diit,
239 2057 278 2106 ae
304 2057 389 2108 eum
410 2058 529 2131 nuper
549 2037 680 2112 vidisse
703 2035 789 2108 dicit
809 2039 890 2111 inst
915 2037 980 2108 Or.
1010 2057 1066 2123 ro,
1088 2057 1121 2124 1,
1143 2059 1201 2132 99.

119 2159 256 2261 Quanti
276 2169 338 2242 hic
354 2193 435 2246 eum
451 2170 599 2260 iecerit,
623 2171 743 2266 arguit
765 2173 861 2264 quod
882 2172 991 2242 dicat:
1021 2167 1205 2264 „Lyrico-

117 2327 203 2375 rum
215 2301 391 2378 Horatius
406 2303 485 2376 sore
502 2303 598 2376 solus
611 2305 682 2400 legi
698 2305 862 2398 dignus..
877 2307 908 2378 si
924 2327 1032 2400 quom
1047 2304 1203 2380 adiicere

2 2522 8 2532 ,
113 2438 226 2526 velis,
250 2440 282 2508 is
298 2441 369 2510 erit
383 2439 518 2512 cestus
534 2439 701 2514 Bassus.“
724 2440 864 2514 Gitatur
885 2461 1157 2534 nonnumquam
1183 2463 1205 2510 a

116 2550 382 2646 Grammaticis.
442 2573 649 2646 Priscianus
680 2597 806 2646 versus
828 2575 954 2648 laudat
975 2597 1023 2644 ex
1046 2575 1202 2644 secundo

113 2707 348 2806 Lyricorum.
373 2705 526 2798 Legitur
540 2714 578 2774 et
588 2705 793 2780 dimidiatus
809 2705 950 2776 libellus
958 2707 1029 2812 „dc
1042 2706 1221 2794 metrisf‘*

114 2840 217 2914 Bassi
232 2839 380 2910 nomine
395 2836 606 2930 inscriptus,
629 2863 651 2912 a
670 2837 901 2910 Terentiano·
914 2841 1049 2910 citatus.
1101 2839 1204 2928 Sunt,

117 2975 182 3074 qui
204 2973 461 3048 commentaria
475 2971 695 3061 iuAratum,
719 2997 741 3042 a
761 2972 978 3046 Germanico
1001 2975 1142 3048 Caesare
1164 2976 1204 3046 in

115 3073 289 3184 Latinuin
310 3109 539 3196 canentum,
575 3107 688 3178 multa
711 3105 914 3180 eruditione
936 3071 1089 3198 iesena,
1119 3111 1205 3186 huic
1330 3119 1337 3126 '

114 3247 228 3318 Basso
243 3243 466 3332 adscribant,
491 3243 537 3314 de
552 3265 645 3336 quo,
669 3239 889 3334 cumplures
906 3241 1066 3314 eiusdem
1081 3232 1205 3316 nomi-

78 3413 88 3434 ·
117 3383 176 3453 nis
188 3381 341 3470 tuerint,
366 3378 456 3450 nihil
469 3389 588 3454 tamen
602 3377 840 3449 statuendum.
871 3377 964 3452 Vide
979 3377 1049 3452 Lu.
1065 3379 1205 3476 Gyral-

115 3519 205 3588 dum
220 3518 266 3588 de
282 3517 380 3588 Poct.
395 3511 490 3586 Hist.
506 3513 599 3588 Dial.
623 3531 678 3582 ιο.
730 3486 873 3588 Durum
890 3537 975 3584 eum
989 3513 1119 3586 mortis
1134 3535 1205 3604 gc-

115 3673 187 3720 nus
203 3649 407 3744 oppetiisse,
423 3649 583 3721 Vesuvio
598 3646 770 3717 nimirum
783 3649 1024 3740 conflagrante
1036 3669 1108 3716 una
1122 3671 1206 3718 cum
1234 3667 1242 3676 ·

114 3782 205 3856 villa
227 3783 393 3856 incendio
414 3793 664 3878 consumptum
680 3781 811 3872 fuisse,
837 3795 938 3856 vetus
957 3777 1070 3852 tradit'
1088 3777 1221 3854 Scho-·
1344 3771 1351 3784 ’

111 3917 248 3988 liastes.
542 3921 547 3929 '
1004 3914 1010 3929 “

194 4050 319 4120 Prima
341 4055 467 4124 Satira‘¹
489 4077 574 4148 pars
594 4073 709 4121 1-11.
733 4035 933 4144 argumenti
950 4063 1003 4124 est
1018 4049 1203 4163 familiaris

114 4185 292 4278 epistolae.
344 4187 385 4258 lu
411 4189 539 4276 altera,
566 4189 751 4258 occasione
775 4198 876 4282 capta
902 4211 1009 4295 a'suo
1032 4189 1203 4260 cumim-

112 4320 247 4414 poritae
264 4323 502 4394 multitudinis
517 4323 663 4400 vivendi
686 4347 789 4396 more
812 4335 1037 4418 comparato,
1065 4335 1204 4414 rectum

114 4457 325 4530 divitiarum
342 4481 445 4530 nsunt
463 4461 627 4548 ostendit,
644 4470 680 4529 ct
693 4459 731 4530 in
749 4481 810 4529 cos
823 4457 1014 4546 invehitur,
1026 4461 1087 4553 qui
1095 4481 1204 4552 parce
