2932 5206
1173 262 1182 302 l

535 388 622 442 ssu.
654 395 704 458 r.,
734 367 831 442 nu·
919 468 925 482 .
978 363 986 388 ⁸
1166 381 1237 452 165

909 521 1239 592 ·-·-'-------....a

149 648 192 716 ad
208 643 331 718 stilum
348 649 425 719 eius
439 647 696 720 remissiorem.
747 647 895 744 Praegr.
919 675 1001 722 cum
1022 680 1125 748 serre,
1147 659 1236 731 Art-

149 781 341 874 stophane,
375 785 438 878 qui
461 783 554 854 Hor.
576 783 647 854 Sat.
674 807 706 871 1,
729 783 764 870 4,
793 806 823 852 1.
850 781 932 853 loco
954 810 976 854 a
995 783 1121 858 Persio
1143 789 1244 864 haud

149 915 260 988 dubie
275 929 450 1012 spectato,
474 930 517 988 ut
533 919 642 994 etiarn
658 914 790 988 Velleii
815 939 849 1018 r,
869 915 923 987 16.
941 929 977 989 et
992 919 1138 1011 Quiuet
1154 925 1238 996 lust.

152 1074 208 1139 so,
228 1077 258 1140 r,
274 1053 331 1126 65.
359 1053 580 1146 ubicumque
596 1053 642 1122 ‹le
655 1049 847 1144 praecipuis
865 1053 1021 1146 antiquae
1039 1059 1239 1130 comoediae

147 1186 386 1280 scriptoribus
400 1209 523 1258 serino
543 1185 672 1274 luerit,
695 1185 844 1256 Cratino
869 1196 905 1257 et
920 1157 1093 1280 Eupolidi
1110 1191 1237 1286 iungi-

145 1329 216 1390 tur.
253 1322 408 1407 „Senem
430 1329 536 1394 vocat
556 1319 602 1388 ob
621 1319 791 1390 monendi
808 1320 1092 1416 increpantique
1104 1337 1238 1414 partes,

147 1475 239 1548 quas
256 1453 406 1524 sustinet
421 1453 461 1522 in
479 1450 625 1534 ¹sabulis.
676 1453 736 1523 Sic
758 1475 879 1524 senem
900 1454 1077 1528 Horatius
1101 1457 1189 1542 <Sat
1207 1483 1241 1548 s,

152 1609 186 1676 1,
212 1589 290 1674 54.)
318 1599 422 1682 vocat
449 1584 649 1675 Lucilium,
690 1607 764 1656 non
791 1599 949 1680 propter
976 1599 1136 1678 aetatem,
1174 1595 1241 1666 scd

146 1735 300 1818 propter
329 1724 539 1815 gravitatem
569 1718 794 1812 argumenti,
833 1721 873 1790 iu
897 1743 1031 1816 quoae
1055 1731 1238 1822 exercuit;
1278 1765 1282 1774 1

147 1879 230 1926 nam
249 1857 432 1928 Lucilium
454 1875 592 1926 annum
611 1854 724 1924 aetatis
743 1853 791 1922 46
808 1873 884 1922 non
901 1858 1112 1948 excessisse,
1136 1865 1237 1934 testis
1287 1843 1293 1856 Χ

147 1991 321 2062 Eusebius
335 1991 378 2061 in
385 1989 608 2063 Chronico.“
626 1987 774 2060 Cusaub.
802 1987 958 2074 „Senem
972 2001 1075 2061 vocat
1088 2005 1239 2086 propter

146 2135 309 2216 tempus,
335 2147 409 2216 quo
425 2123 526 2214 vixit,
551 2133 732 2192 remotum
746 2147 766 2192 a
782 2123 899 2196 Persii
916 2130 1060 2194 aetute.“
1080 2127 1237 2222 Koenig,

148 2257 334 2329 Passowio
359 2281 489 2346 unum,
513 2262 696 2350 tamquam
717 2258 830 2330 indoli
845 2255 1119 2352 Aristophaneus
1141 2288 1236 2335 con·
1315 2329 1320 2349 ,

148 2393 320 2482 tracium,
362 2391 532 2484 alterum,
570 2392 673 2488 quasi
698 2391 857 2464 alienum
880 2420 902 2464 a
922 2419 1090 2469 sermone
1110 2396 1235 2488 latino,

138 2523 260 2622 'usque
282 2527 372 2602 adeo
397 2529 600 2626 displicuit,
632 2538 675 2598 ut
689 2525 892 2616 Lucilium,
926 2525 1141 2604 ablioratio
1160 2533 1236 2604 iam
1292 2609 1298 2622 ⁸

145 2664 281 2736 dictum
303 2687 426 2737 senem
446 2664 582 2768 (einen.
595 2673 707 2754 guten
736 2660 925 2732 ehrliclten
945 2640 1070 2745 Allan)
1092 2683 1237 2758 propo-

147 2797 263 2866 suerit
291 2795 572 2886 intelligeudum.
645 2795 729 2863 Iure
753 2791 919 2884 displicet
947 2791 1139 2884 explicatio
1163 2794 1240 2863 Ca*
1315 2817 1321 2836 ¹

148 2913 319 3020 sanboni,
361 2926 469 3022 longe
493 2927 528 2998 dt
550 2925 696 3020 quidem
718 2950 738 2996 e
761 2923 851 2994 lalso
883 2938 1093 3020 argumento
1115 2928 1240 3022 petita.

148 3061 242 3137 Falli
272 3063 369 3136 cuim
389 3061 610 3146 Eusebium,
651 3081 733 3130 cum
753 3057 937 3130 Lucilium
963 3083 1058 3130 anno
1080 3061 1237 3137 seeundo

149 3196 379 3288 Olympiadis
400 3192 480 3286 169.
499 3195 522 3263 i.
538 3218 569 3264 e.
592 3213 686 3264 anno
703 3190 748 3261 U.
767 3193 807 3262 C.
826 3191 909 3262 651.
932 3195 1043 3264 aetatis
1060 3195 1118 3266 46.
1133 3214 1239 3266 mor-

148 3341 254 3401 tumn
270 3355 348 3402 esse
363 3327 469 3415 dicit,
494 3327 579 3399 inde
595 3324 727 3420 liquet,
753 3327 851 3420 quod
864 3327 902 3400 in
917 3326 1237 3404 bclloNtunantiuo

147 3474 259 3554 (anuo
274 3465 377 3538 urbis
393 3463 482 3547 620)
498 3463 563 3532 sub
578 3463 619 3536 P.
636 3457 811 3532 Africano
827 3461 989 3535 Lucilius
1005 3490 1115 3560 eques
1131 3465 1236 3542 mili·
1361 3541 1365 3570 Ι
1442 3556 1445 3566 Ι

148 3601 297 3690 taverit,
335 3597 429 3672 Vell.
452 3599 591 3670 Patere.
616 3617 651 3682 s,
673 3619 706 3690 9.
741 3607 777 3668 et
798 3601 897 3690 quod
915 3599 1095 3672 Liciniam
1116 3601 1239 3692 legem
1332 3581 1339 3606 ⁸

149 3709 426 3826 sumptuariam,
452 3758 482 3803 c.
507 3751 641 3802 annum
660 3729 742 3800 656.
759 3741 943 3822 rogatam,
968 3753 1240 3803 commemora-

146 3865 263 3952 verit,
288 3865 400 3936 Gellii
413 3865 459 3935 N.
475 3863 517 3938 A.
540 3887 574 3950 2,
592 3861 649 3961 24.
675 3861 770 3934 Vide
793 3863 911 3958 Baylii
932 3863 1092 3932 Dietion.
1109 3864 1154 3940 ad
1169 3889 1240 3936 vo-
1343 3947 1348 3962 .

150 4019 230 4068 cem
245 3995 363 4068 Lucil.
413 3995 553 4068 Verum
574 4017 696 4066 senem
716 3996 763 4066 ob
776 4006 917 4087 tempus
935 4015 957 4062 a
973 3993 1125 4066 dicentis
1137 3983 1239 4072 reluta

150 4137 333 4202 remotum
357 4127 469 4198 latine
491 4127 583 4210 dici,
607 4130 831 4200 recentiores
856 4126 974 4198 critici
994 4139 1240 4212 monstrarunt

152 4285 197 4334 ex
210 4265 407 4352 Cicerone,
433 4261 494 4356 qui
514 4261 584 4334 hoe
597 4281 710 4371 seusu
731 4259 770 4330 in
792 4261 906 4334 Bruto
927 4286 957 4331 c.
978 4285 1010 4356 9.
1035 4265 1238 4364 Isocratem,

151 4395 304 4492 Lysiam
320 4387 389 4470 dac.
408 4408 444 4468 et
460 4419 490 4469 c.
506 4419 560 4470 ro.
585 4393 769 4492 Solonem,
791 4397 1016 4476 Pisistratum
1030 4413 1066 4483 ct
1081 4405 1237 4482 Therui-

974 4519 1009 4568 ιι
1022 4509 1038 4546 l
