3046 5206
271 475 343 572 376
622 501 626 514 ·
657 489 744 543 san.
764 493 818 561 V,
844 469 971 542 11-15.

269 613 765 644 ...affl-...-

269 751 383 848 ignis,
412 751 463 824 Ut
483 748 614 837 mavis,
643 747 821 820 imitare.“
852 751 983 835 Sat-1,
1008 737 1042 838 l,
1072 743 1125 842 133.
1152 745 1215 818 nbi
1239 746 1360 822 Acron

234 895 236 904 “
270 885 391 962 laudat
403 883 502 958 hunc
517 883 634 957 Persii
649 883 780 954 locum.
813 879 869 954 ad
885 880 1013 953 verba:
1039 882 1212 979 coquitur
1225 881 1315 954 dum
1328 935 1358 952 ..

98 1056 101 1064 ·
265 1021 410 1121 premio
421 1017 468 1090 of.
482 1013 677 1106 Heindorf.
697 1017 744 1088 ad
759 1017 854 1092 Hor.
871 1019 940 1088 Sat
962 1037 993 1106 1,
1007 1019 1041 1106 5,
1058 1039 1114 1108 γε.

205 1135 210 1152 ’
282 1127 286 1140 ’
349 1174 405 1225 ιι.
429 1172 483 1224 ia.
537 1151 636 1242 „Nec
658 1173 771 1222 rauco
802 1163 1012 1240 murmure,
1052 1150 1210 1248 cornicis¹
1227 1151 1397 1241 instans

270 1299 390 1362 tecum
414 1287 538 1380 inepto
557 1307 661 1360 more
681 1283 863 1382 loqueris,
896 1287 1018 1360 nescio
1032 1307 1119 1380 quas
1136 1309 1196 1357 res
1208 1287 1361 1380 grandes

244 1511 248 1526 Ι
272 1423 394 1494 animo
407 1423 609 1494 volutans*
625 1416 788 1518 'Koenig.
842 1419 1018 1493 Horatius
1034 1419 1206 1492 describit
1220 1431 1363 1514 poetam
1490 1409 1491 1422 ¹

273 1558 358 1629 eius·
368 1555 533 1652 generis,
554 1555 617 1648 qui
624 1603 636 1644 ,
660 1550 771 1645 „dum
793 1554 963 1628 sublimes
985 1579 1110 1630 versus
1125 1566 1305 1643 ructatur,
1329 1567 1366 1626 et
1492 1615 1493 1620 ,

143 1693 148 1714 “
273 1701 391 1778 errat,
417 1689 550 1762 decidit
564 1690 602 1761 in
616 1699 764 1782 puteum
780 1689 1003 1764 foveamve.“
1024 1687 1066 1772 tl.
1085 1691 1122 1762 P.
1141 1692 1225 1785 457.
1251 1691 1364 1762 Ruu-

274 1829 429 1918 eus'pro
451 1823 605 1912 inoulto,
630 1811 771 1895 absono¹
787 1826 954 1920 ponitur,
980 1835 1020 1895 ut
1041 1823 1146 1896 ovid.
1170 1825 1314 1900 Metam.
1330 1825 1366 1912 5,

187 1972 190 1984 '
274 1959 358 2055 678.
409 1957 573 2032 Verbum
596 1957 794 2046 cornioori,
824 1959 885 2030 vix
901 1959 987 2030 alibi
1003 1959 1100 2052 apud
1115 1951 1277 2032 olasdcos
1290 1957 1366 2030 ob-

274 2093 446 2182 veniens,
460 2093 649 2187 analogum
672 2091 882 2165 est‘Graeco
901 2107 1067 2174 ιρωζω,
1092 2095 1191 2188 quod
1205 2093 1243 2172 in
1259 2091 1365 2168 Pluto

179 2261 184 2274 =
275 2223 525 2318 Aristophanis
547 2225 592 2298 de
612 2225 842 2318 Blepsidemo
869 2225 1020 2316 dicitur,
1067 2230 1129 2322 qui
1158 2249 1302 2300 sursum
1331 2235 1369 2298 et

276 2361 445 2435 deorsum
461 2358 570 2429 vertit
586 2359 800 2450 orationem,
824 2363 909 2438 dum
925 2363 1044 2435 studet
1060 2363 1148 2432 torti
1163 2361 1368 2432 confessio-

269 2508 361 2564 nem
381 2491 534 2581 elicere,
572 2495 743 2567 nimirum
768 2507 807 2566 ut
829 2495 989 2570 conscius
1009 2495 1052 2572 in'
1072 2493 1206 2588 plaedae
1222 2503 1370 2584 partem

276 2627 408 2701 veniat.
488 2672 492 2681 -

358 2763 414 2835 15.
468 2761 547 2834 'Nec
563 2763 710 2860 stloppo
724 2767 887 2838 tumidos
903 2759 970 2836 &o
1008 2763 1158 2856 „Neque
1173 2759 1259 2831 talla
1271 2758 1376 2830 scri-

279 2899 356 2988 bis,
380 2920 461 2990 quoe
487 2901 643 2969 ventosis
668 2909 703 2970 et
726 2901 891 2972 inanibus
912 2899 1034 2972 verbis
1056 2899 1178 3010 inflata
1192 2895 1283 2983 sint,
1305 2893 1367 2964 sed

278 3011 362 3128 qnae
385 3029 587 3124 equalitate
609 3057 674 3114 sua
698 3035 767 3110 sint
789 3033 937 3110 robusta
951 3044 1002 3147 'et
1024 3031 1183 3126 pinguia.
1243 3027 1368 3124 Stlopo

192 3234 195 3242 Α
281 3169 372 3238 dixit
384 3165 630 3267 apelassonos
654 3191 676 3240 a
694 3167 900 3242 ludentibus
913 3169 1057 3262 pueris,
1079 3165 1141 3261 qui
1159 3167 1290 3236 buccas
1306 3165 1367 3232 in-

161 3283 165 3309 *
205 3369 210 3375 .
281 3301 381 3374 ssatus
395 3281 512 3372 subilo
528 3303 705 3391 aperiunt,
722 3295 758 3376 et
771 3313 885 3375 totum
897 3303 1136 3376 simulllatum
1150 3325 1233 3373 curn
1250 3297 1369 3368 sonitu

281 3434 471 3503 lundunt“
494 3434 576 3504 Vct.
590 3435 708 3506 Schol.
749 3437 861 3510 Varie
877 3439 1027 3530 legitur:
1054 3437 1192 3531 stlopo,
1215 3419 1374 3525 slloppo,

283 3569 451 3660 seloppo,
477 3565 611 3671 oclopo.
663 3563 904 3644 Haunienses:
931 3574 1047 3668 stlopo
1065 3574 1235 3658 (alterum
1249 3591 1284 3660 p.
1299 3589 1375 3636 au·-

283 3703 541 3799 perscriptum)
560 3727 588 3774 ι.
616 3705 764 3798 seloppo
787 3725 818 3775 a·
835 3713 867 3782 5.
886 3709 919 3778 ὃ.
942 3709 1062 3799 sclopo
1084 3707 1118 3777 5.
1143 3729 1225 3776 cum
1240 3703 1370 3776 Husu-

223 3819 229 3832 ’
284 3840 412 3928 mensi,
428 3841 543 3932 stoplo
553 3843 585 3934 t
605 3841 836 3912 Casaubonus
852 3843 890 3913 in
906 3841 1071 3915 omnibus
1087 3839 1373 3934 antiqnismetn·

286 3973 407 4043 branis
423 3973 571 4070 stloppo
585 3961 758 4068 sci-ipsum
778 3977 925 4066 invenit,
946 3977 1011 4047 sed
1025 3973 1243 4062 Priscianus,
1264 3965 1371 4066 qoam

286 4105 530 4180 adlectionem
544 4109 822 4184 confirmandam
833 4110 1009 4204 allegavit,
1026 4109 1169 4203 scripsit
1174 4105 1372 4198 „stlopus.“

284 4239 356 4309 vid.
380 4239 521 4312 Putsch.
548 4269 577 4313 c.
605 4245 688 4314 565.
738 4247 930 4322 Itaetcod.
947 4246 1168 4339 Tigurinus,
1191 4243 1235 4314 cf.
1251 4237 1373 4313 vossii

285 4373 405 4466 Etym.
422 4371 477 4440 td.
495 4397 526 4444 v.
542 4377 712 4470 stloppus.
749 4383 915 4453 Ceterum
930 4383 998 4456 hoc
1015 4379 1229 4456 vocabulum
1243 4401 1289 4448 ex
1304 4397 1387 4482 ειη--ι

282 4508 386 4601 'tique
403 4503 595 4578 Latinitate
616 4511 842 4612 desumptum
860 4525 931 4608 est,
956 4527 997 4586 ut
1011 4515 1083 4590 alla
1095 4515 1260 4584 similiter
1275 4509 1372 4582 inciss
