2932 5206
542 555 674 625 sam,
698 538 832 610 esse.
965 489 998 590 .'
1169 545 1240 618 na

145 814 334 890 ,obiectrun
348 823 442 886 esset
455 806 566 904 furti·
580 835 656 884 non
670 809 867 887 seiortiter
880 787 1137 908 respondendo
1147 839 1243 912 pur-
1325 913 1329 918 Ι
1378 877 1382 883 .

156 945 271 1044 gerit,
298 949 364 1020 sed
384 969 434 1022 ex
452 947 715 1042 compositione
734 968 904 1024 ausuum
918 946 1082 1024 savorem
1095 973 1244 1048 quaere-

156 1081 236 1171 bat,
276 1081 404 1178 figuris
432 1081 631 1160 dictionum
653 1081 835 1172 servieus,
873 1105 1023 1158 cecum
1045 1085 1265 1160 cnmuum‘

154 1215 425 1291 diversorum.“
471 1215 554 1290 Vct.
591 1211 710 1288 schol.
747 1215 793 1287 sd
828 1213 926 1288 bunc
959 1217 1080 1292 locum
1109 1221 1241 1294 Persii.

152 1347 331 1422 Eundem
349 1347 504 1422 Pedium
512 1337 537 1438 ‚l
562 1347 762 1441 imperante
781 1345 933 1420 Nerone
956 1349 1244 1440 condemnatum,

154 1481 228 1554 sub
241 1481 386 1556 Othone
399 1484 439 1554 in
451 1483 632 1576 integrum
646 1481 851 1554 restituunt
868 1503 965 1570 esse,
991 1477 1141 1586 Tacitus
1151 1483 1248 1558 Hist.

159 1639 200 1706 r,
222 1641 283 1710 77.
309 1613 445 1688 rendit:
490 1617 610 1710 Quam
630 1613 915 1708 restitutionem,
939 1637 1023 1689 cum
1042 1639 1141 1690 anno
1161 1628 1248 1711 post
1389 1674 1393 1692 .

70 1822 73 1831 ,
157 1750 294 1822 obitmn
309 1751 427 1822 Persii
442 1759 572 1832 octavo,
582 1748 769 1837 inciderit,
799 1749 844 1820 ab
864 1772 908 1820 eo
921 1749 991 1821 hoc
1003 1751 1085 1822 loco
1100 1759 1138 1822 et
1151 1774 1245 1826 voce

157 1908 256 1980 sequ.
272 1885 427 1959 laudari
439 1885 538 1957 haud
550 1881 786 1976 significatam
804 1904 906 1970 csse,
933 1881 1028 1954 bane
1045 1875 1247 1986 observavit

157 2018 317 2114 Passotv.
374 2017 507 2088 Nonne
528 2037 618 2090 tero
643 2015 827 2108 respicere
848 2015 1009 2108 potuerit
1022 2015 1068 2086 cd
1082 2015 1247 2109 putidam

125 2133 132 2150 ’
159 2151 262 2221 illam
276 2149 479 2221 oraticnem
493 2149 616 2239 Pedii,
637 2173 703 2228 eac
717 2160 882 2242 tempore
896 2145 1055 2222 habitam
1070 2159 1108 2222 et
1122 2124 1246 2224 cinni·-
1298 2201 1299 2206 κ

160 2285 231 2356 bus
254 2293 394 2374 notam,
433 2306 514 2383 quse
541 2284 688 2378 quidem
716 2283 853 2356 oratori
874 2305 949 2356 non
971 2271 1247 2378 absolutionem,

160 2429 197 2491 st
209 2441 280 2529 pro
293 2417 398 2511 genio
414 2389 804 2491 istirissaeculiloudern
816 2397 1014 2494 multorum
1023 2416 1247 2531 audientium
1346 2507 1355 2524 .

88 2627 97 2654 ,
158 2547 430 2664 conciliaverit?
483 2552 619 2648 Siquis
635 2552 788 2626 Pedium
800 2574 871 2645 pro
886 2553 973 2624 mali
989 2555 1249 2649 cuiuscumque

160 2689 316 2761 oratorie
332 2685 500 2779 exemplo
517 2697 702 2780 sumptum
722 2707 802 2756 esse
824 2683 1011 2776 maluerit,
1047 2689 1250 2758 imitatione
1389 2770 1393 2783 Ι

137 2797 347 2918 ,ΙοοὶἨοικ
363 2819 434 2890 Sat.
461 2841 495 2906 r,
522 2841 580 2906 ιο,
604 2819 662 2887 28.
689 2817 862 2888 concedat
881 2829 1004 2889 tamen
1027 2841 1176 2892 necesse
1191 2817 1252 2891 'est

162 2953 350 3044 Marcilio,
387 2947 623 3038 casaubono,
663 2949 806 3022 Bondic
838 2949 1007 3045 aliisque,
1045 2963 1252 3047 respectum

163 3089 270 3162 Pedii
290 3085 401 3161 Blaesi
430 3084 605 3156 orationis
628 3083 736 3154 seriei
760 3082 896 3175 optime
915 3087 1130 3177 convenire,
1169 3111 1252 3160 curn

166 3219 315 3296 Persius
324 3217 385 3292 hic
398 3229 435 3290 et
448 3219 488 3290 in
502 3215 735 3312 sequentibus
749 3225 933 3288 oratorem
946 3240 1020 3290 non
1036 3221 1143 3294 aliter
1156 3221 1251 3293 allo-

166 3350 310 3450 quitur,
335 3377 443 3449 quam
464 3355 495 3426 si
515 3375 616 3426 cuam
631 3352 711 3446 ipse
726 3373 887 3464 cauum
902 3365 1034 3447 ageret.
1087 3357 1161 3450 Qui
1175 3357 1253 3454 fur

164 3513 206 3564 es
219 3489 520 3584 interpretantur:
549 3487 637 3580 „fur
649 3498 705 3560 est
717 3486 799 3582 ille,
823 3511 987 3585 proquo
1007 3491 1131 3580 ‹licis‚“
1156 3517 1253 3586 prc-

165 3635 333 3709 vccantes
354 3627 401 3698 ad
421 3636 664 3722 patronorum
685 3647 850 3714 morem,
888 3625 1023 3696 alienes
1038 3645 1183 3694 caueae
1202 3625 1254 3692 sic
1313 3668 1317 3674 -

166 3761 261 3831 tueri
274 3771 315 3832 ut
326 3783 431 3850 sues,
452 3757 577 3834 verbis
599 3769 697 3828 certe
710 3759 828 3830 Persii
843 3754 1013 3831 videntur
1029 3775 1175 3824 sensum
1191 3754 1253 3824 in·-

166 3893 268 3966 ferre
283 3865 453 3965 alienaun.
486 3889 872 3967 coronamus.
889 3886 1118 3979 „carn1ina“;
1143 3891 1254 3962 ceteri

167 4027 338 4100 crimina.
377 4026 505 4096 -Rcsis
529 4024 574 4094 de
590 4025 780 4094 structuris
796 4021 958 4116 lepidum
974 4033 1164 4117 sumptum.
1182 4025 1251 4102 vid,

168 4159 319 4254 Quinct.
335 4159 419 4258 lust
436 4150 486 4246 8‚'
501 4157 542 4244 6,
568 4155 628 4228 65.
659 4127 663 4158 ’

249 4295 307 4367 86.
359 4291 520 4368 Librcre
543 4257 704 4370 Iubenali
726 4299 780 4363 est
800 4299 995 4390 „torquere
1005 4273 1153 4372 'cunum
1169 4323 1254 4372 ser-

169 4453 282 4502 mone
303 4441 459 4502 rctatum
483 4429 750 4526 entitymemsf‘
774 4423 843 4502 sat
867 4425 909 4523 6,
934 4431 1018 4512 448.
1054 4407 1125 4506 „De
1148 4431 1256 4502 onti-

174 4563 288 4637 tltett's
304 4565 374 4642 vid.
389 4536 534 4660 Quinct.
548 4565 632 4696 lust.
649 4589 686 4662 9,
712 4565 744 4638 3.
771 4567 827 4640 Ex
839 4591 952 4662 opere
964 4567 1156 4734 1¹⁰st
1171 4563 1257 4635 fru-
