2932 5206
309 467 358 538 84
756 411 863 531 ἐπ.
886 457 1001 545 1.,’·5ο.
1020 457 1078 527 51.

267 824 269 834 y
308 733 581 815 vimsententiae
595 733 774 828 poeticam
791 729 1005 808 extenuaris
1038 685 1179 804 'Melius
1196 728 1259 804 isse
1274 735 1318 806 de
1331 759 1388 807 se-

309 873 517 970 quentibus:
550 867 683 959 „Quod
706 889 820 959 porro
844 866 944 940 illam
965 867 1052 942 dicit
1072 867 1213 942 ebrium
1234 881 1397 970 veratro,

308 1011 539 1104 perinsauarn
569 1002 760 1098 significat,
807 1025 889 1093 quae
914 1012 1051 1074 tantum
1080 1001 1177 1074 illius
1209 1001 1391 1096 pharmaci

194 1225 198 1233 ¹
231 1197 234 1208 ,
308 1142 485 1237 epotarit3
522 1137 667 1234 parcius
689 1137 787 1208 enim
811 1133 984 1228 poculum
1012 1123 1263 1212 medicamenti
1283 1161 1392 1230 parve

307 1279 491 1352 desiderat
508 1273 663 1361 insania,
687 1270 826 1364 largius
844 1293 986 1372 magna.
1043 1271 1155 1364 Quod
1169 1273 1214 1345 de
1228 1284 1390 1366 poemate

309 1415 396 1486 dicit
401 1411 486 1504 „de
502 1420 609 1504 pocta
630 1405 880 1498 accipiendum
904 1407 995 1476 est“
1006 1455 1010 1465 .
1043 1407 1211 1482 Nominis
1233 1407 1324 1480 ebrii
1347 1409 1391 1480 ad

175 1577 183 1618 5
201 1568 204 1580 v
307 1551 378 1620 alia
394 1547 557 1640 quaedam
573 1565 595 1610 a
610 1540 694 1612 vino
709 1539 890 1628 eleganter
904 1537 1067 1618 trsnslati
1084 1543 1250 1636 exempla
1261 1545 1391 1616 i'.Mu-

307 1680 378 1752 reti
406 1677 495 1781 Ver.
520 1675 620 1746 Lect.
649 1675 692 1758 5,
725 1667 779 1740 16.
844 1667 982 1762 Koenig
1005 1671 1103 1744 haud
1124 1676 1327 1768 incongrue
1348 1677 1393 1746 de

307 1823 415 1909 poeta
440 1808 589 1909 cogitat,
629 1805 689 1876 cui
710 1806 751 1874 iu
775 1801 993 1876 Heliconem
1016 1811 1121 1897 rapto
1153 1831 1229 1880 non
1249 1807 1393 1880 licuerit

192 1997 201 2010 -
307 1949 444 2021 fontem
457 1944 631 2038 attingere
644 1925 918 2034 Hippocrenen,
939 1941 1087 2033 potione
1102 1940 1199 2034 nigri
1213 1939 1390 2026 hellebori

308 2053 485 2173 contento.
537 2077 629 2148 Nem
650 2074 883 2145 helleborum·
905 2065 1071 2167 nigrum,
1103 2076 1254 2146 candido
1273 2073 1390 2150 vehe—

176 2213 178 2218 ’
307 2213 463 2290 mentius
486 2220 522 2280 ct
538 2208 719 2316 insaniam
741 2209 913 2296 afferens,
952 2211 1022 2282 hoc
1049 2211 1087 2282 in
1110 2221 1232 2284 monte
1258 2212 1391 2302 optime
1423 2297 1424 2308 ἵ

307 2346 526 2444 provenisse,
550 2341 717 2413 novimus
732 2363 780 2410 ex
795 2340 914 2420 Plinio
929 2341 978 2412 Η.
992 2343 1036 2412 N.
1059 2345 1117 2430 25,
1132 2349 1165 2412 5.
1203 2343 1261 2416 Ad
1272 2347 1393 2415 locum

215 2489 218 2496 '
307 2479 424 2554 Persii
434 2473 830 2569 explicandumsaciunt
839 2474 1064 2578 verbaPlinii
1073 2477 1266 2568 sequentia:
1278 2478 1391 2563 „Ple-

306 2615 413 2706 rique
427 2611 629 2680 studiorum
636 2609 752 2702 gratia
759 2601 804 2680 ad
812 2608 1035 2702 pervidenda
1047 2610 1176 2710 acrius,
1192 2632 1273 2702 quoe
1286 2633 1392 2678 com-

258 2816 263 2829 ,
306 2745 573 2831 mutabantur,
607 2729 737 2836 soepius
764 2743 1035 2817 sumtitaverint
1085 2731 1311 2814 Carneadem
1320 2737 1394 2812 'rc-

308 2902 527 2974 sponsurmn
543 2877 700 2949 Zenonis
716 2873 820 2947 libris
836 2873 931 2946 &c.“
988 2877 1047 2948 De
1070 2877 1256 2949 Carneade
1276 2876 1395 2946 fusius

306 3011 388 3086 val.
403 3003 583 3085 Maximus
599 3005 641 3100 8,
662 3037 695 3106 7.
721 3013 803 3084 Exi.
822 3013 856 3080 5.
903 3011 1244 3104 „CumChrysippo
1261 3011 1394 3102 dispu-

306 3161 447 3220 taturus
464 3144 652 3220 helleboro
673 3169 712 3218 se
729 3121 811 3218 aute
826 3114 1021 3240 purgabat,
1049 3145 1094 3218 ad
1115 3145 1396 3237 exprimendum

306 3282 491 3372 ingenium
510 3303 615 3351 suum
630 3282 816 3370 attentius,
842 3293 879 3351 et.
894 3281 993 3350 illius
1009 3277 1248 3350 refellendum
1262 3241 1396 3366 acrius,

307 3409 395 3508 quas
418 3415 583 3506 potiones
605 3379 783 3484 industria
804 3413 930 3482 solidae
957 3410 1073 3481 laudis
1105 3409 1244 3503 cupidis
1273 3411 1397 3480 effecit

307 3547 560 3642 appetendas.“
584 3545 628 3616 cs.
645 3543 754 3618 Gellii
767 3531 811 3616 N.
820 3543 862 3616 A.
894 3537 1035 3636 17,'15.
1087 3512 1395 3618 Nomen'veratro

210 3701 221 3720 '
306 3686 399 3784 ebrii
419 3693 536 3778 poetae
552 3681 659 3754 varie
671 3679 851 3784 scribitur.
905 3677 1098 3748 Turnebus
1114 3677 1151 3746 in
1167 3675 1325 3770 antiquis
1340 3675 1395 3744 li-

304 3819 382 3890 bris
401 3818 491 3911 legii
498 3817 581 3888 Ilias
606 3787 807 3904 „inuret
833 3779 956 3904 „Atili
1009 3811 1171 3882 Eandem
1196 3807 1396 3881 lectionem

131 3987 135 4000 ·
180 3937 189 3960 ⁸
305 3955 383 4022 cod.
398 3953 561 4024 Norimb.
578 3943 737 4041 exhibet;
757 3949 847 4018 alius
860 3948 947 4018 item
962 3943 1101 4036 „Acti,“
1118 3943 1286 4039 plerique
1301 3970 1396 4020 vero

223 4130 229 4139 -
305 4084 406 4156 Aeci.
459 4089 512 4156 Ita
537 4085 658 4156 Hann.
680 4083 852 4177 quinque.
906 4082 965 4153 De
985 4081 1158 4154 Labeone
1181 4105 1215 4150 v.
1238 4077 1272 4150 4:
1295 4081 1396 4152 dicto

304 4215 508 4307 intelligunt
529 4220 657 4312 aliqui,
690 4240 903 4314 praenomen
924 4216 1050 4306 Accii,
1084 4217 1315 4303 auctoritate,
1353 4225 1399 4282 ut

304 4345 469 4436 ridetur,
501 4352 664 4442 nunqua,
695 4351 748 4420 illi
766 4345 975 4438 tribuentes.
1026 4333 1140 4422 Vetus
1165 4349 1395 4436 scholiastes,

306 4485 447 4557 eumad
464 4509 496 4556 v.
517 4485 553 4555 4.
577 4481 769 4554 ridiculam
792 4484 912 4556 iliadis
938 4495 975 4554 et
993 4483 1165 4578 Odysseae
1184 4483 1395 4558 versionem

727 4661 759 4704 ,1
