3052 5202
524 445 614 498 sar.
635 447 724 513 ¹111.‚
749 426 882 519 68-70.
1024 515 1028 520 ι
1179 435 1248 504 281

501 568 1250 598 nnn—afflen-

167 663 284 780 rctam
299 707 513 799 plerumque
527 702 715 798 frangebat
731 713 835 775 metae
847 703 1047 794 impactam.
1073 707 1167 777 Cum
1183 667 1251 782 au.

168 854 241 914 tem
257 839 479 912 curriculum
497 829 761 911 vitaehumanae
781 838 896 910 simile
917 839 963 908 sit
979 839 1162 916 curriculo
1177 843 1253 912 cir-

170 975 290 1064 censi,
311 997 380 1068 per
387 972 532 1068 flexum
548 983 658 1042 nsetae
672 981 787 1042 artem
800 972 965 1068 intelligit
981 977 1062 1052 ritae
1083 975 1256 1080 regendae

170 1119 277 1205 atque
293 1107 559 1180 moderandac.“
581 1107 670 1178 adv.
696 1107 755 1193 25,
782 1111 838 1178 23.
873 1107 942 1179 His
962 1111 1147 1205 perpensis
1170 1135 1254 1184 me·-

172 1255 252 1315 tom
272 1267 347 1316 non
371 1265 455 1314 cum
477 1241 662 1336 plerisque
687 1253 856 1330 mortem,
882 1245 963 1313 vitae
986 1245 1152 1336 humanae
1172 1257 1254 1316 ter-
1362 1231 1366 1246 ⁸

170 1377 329 1468 minum,
355 1377 537 1470 intelligo,¹
570 1375 843 1464 seduntatem,
874 1377 982 1455 linem
1004 1379 1087 1450 vite
1113 1379 1256 1456 Stoico-

172 1537 268 1608 rum,
291 1513 378 1608 „qui
402 1511 541 1600 omnia,
566 1535 647 1608 quac
669 1511 715 1582 ad
736 1511 875 1584 beatam
901 1511 1009 1586 vitam
1023 1513 1258 1607 pertinerent,

142 1679 145 1690 ·
171 1650 210 1722 io
225 1671 300 1721 una
320 1633 453 1728 virtute
471 1646 678 1740 ponebant,'
703 1669 771 1718 nec
794 1647 989 1740 quidquam
1003 1647 1100 1722 aliud
1122 1671 1257 1718 nume-

169 1781 300 1856 rabant
321 1783 360 1854 in
380 1781 518 1857 bonis.“
543 1781 674 1861 Cicero
690 1781 736 1852 de
759 1783 924 1879 Depone,
948 1783 1082 1877 Quaest.
1098 1782 1205 1859 Acad,
1225 1805 1257 1870 1,

174 1943 230 1990 ιο.
280 1919 447 1993 Eundem
463 1941 609 1996 sensum
619 1917 822 2000 Passouius
840 1917 1018 2014 accepisse
1030 1915 1184 2002 videtur,
1208 1916 1259 1984 ita
1359 1991 1361 1998 ,

171 2039 408 2124 emissemus:
435 2050 528 2124 auch
544 2061 707 2122 sartor-er
722 2051 852 2130 Pllicht
871 2052 1034 2144 Eingrill
1046 2051 1085 2129 in
1107 2051 1167 2120 das
1181 2049 1258 2118 Lo*

172 2187 256 2276 bon;
284 2207 392 2278 qnam
405 2187 551 2280 quidem
568 2184 836 2258 translationem
850 2211 924 2257 non
940 2211 985 2256 eo
1001 2187 1159 2274 nomine,
1184 2209 1256 2287 quo

173 2321 310 2397 Censor
329 2319 648 2415 Goettiugensia,*)
678 2323 775 2424 quod
801 2321 918 2400 ideam
949 2321 1095 2412 mortis,
1127 2305 1255 2408 verum
1357 2399 1360 2411 ⁵

171 2453 271 2548 quod
286 2451 532 2547 metaphoram
544 2454 731 2564 seripturis
745 2455 917 2544 omiserit,
935 2455 1115 2548 improbo.
1151 2457 1256 2534 Bon-

172 2589 263 2676 dius,
290 2583 354 2682 qui
367 2589 452 2680 legit
466 2590 634 2678 ‚,uudae‚“
656 2590 790 2681 respici
807 2590 988 2666 existimat
1004 2591 1050 2658 ad
1068 2599 1201 2658 motam
1218 2587 1257 2656 iu

171 2722 381 2794 naumachia
404 2721 648 2810 constitutam,
689 2721 734 2790 ad
763 2699 871 2813 quam
902 2721 1002 2790 navis
1030 2719 1148 2788 subito
1169 2729 1260 2788 esset

174 2853 435 2940 convertendo,
461 2863 497 2920 et
517 2851 640 2934 locum
660 2851 744 2922 citat
765 2849 1010 2942 virgilianum
1024 2851 1105 2920 AEn.
1124 2850 1159 2942 5,
1179 2871 1263 2952 ¹²9⁸

173 2987 287 3061 codd.
302 2983 423 3058 Hauu.
437 3007 470 3054 a.
491 2983 524 3056 5.
541 2985 574 3054 5.
591 2984 717 3066 itidem
733 2983 897 3074 ‚,1mdae“‚

250 3191 310 3290 69.
335 3208 392 3279 7⁰·
445 3182 548 3280 Quid
568 3205 681 3288 asper
703 3177 773 3262 &a
828 3183 947 3286 „Quae
969 3185 1107 3262 nummi
1128 3183 1260 3274 asperi,

176 3323 250 3398 sire
267 3321 354 3398 nori
367 3321 442 3393 sive
455 3319 610 3406 candidi,
637 3319 787 3396 utititas:
812 3341 885 3398 non
898 3319 1052 3412 implere
1068 3317 1174 3390 ollam
1191 3320 1259 3390 de-

174 3457 381 3544 canorum,
398 3429 478 3526 'sed
509 3455 561 3525 uti
590 3453 800 3526 liberaliter.
859 3455 901 3526 In
921 3453 1100 3526 thesauris
1120 3455 1259 3524 numnii

176 3593 312 3686 asperi,
334 3591 410 3665 sive
431 3613 505 3666 non
527 3589 650 3670 detriti
665 3599 700 3660 ct
715 3587 818 3684 quasi
833 3591 997 3678 deantes,
1023 3589 1260 3685 deponeban-

175 3727 270 3795 tur.“
301 3725 500 3800 Marcium.
557 3725 611 3798 lta
630 3721 831 3812 Neronem,
860 3725 898 3796 in
919 3700 1074 3796 nummis
1093 3723 1260 3794 fastidio-

178 3881 276 3944 sum,
301 3881 347 3927 ne
370 3859 459 3966 alios
485 3859 632 3952 quidem
651 3856 690 3926 in
713 3859 898 3930 exactione
918 3859 1137 3930 tributorum
1160 3858 1260 3926 reci·
1295 3939 1300 3960 ι

178 4005 267 4086 pere
281 3989 447 4077 voluisse,
470 3991 571 4060 locus
588 3991 741 4061 ostendit
757 3991 918 4064 Suetonii
933 3993 1020 4066 Ner.
1032 3995 1089 4062 44.
1109 3993 1261 4083 „Exegit

178 4125 313 4227 ingenti
336 4125 480 4208 furfidio
501 4134 537 4196 ct
556 4123 748 4198 acerbitato
773 4149 960 4210 nummum
983 4129 1175 4236 asperum“
1190 4121 1258 4197 &a

200 4489 235 4562 *)
285 4487 443 4571 Gactting.
455 4491 516 4570 gela
529 4489 605 4552 Ana.
618 4497 664 4555 st.
683 4511 732 4572 99.
752 4495 838 4564 1823.
