2932 5206
820 297 829 342 i

697 518 946 638 snr.1.,125.

286 688 1364 730 ...Μ-..Μ

218 832 221 840 ’
288 833 447 924 „ferveat
466 851 630 904 meorum
644 825 770 903 'studio
791 839 1014 923 poematum,
1039 797 1124 900 iude
1147 805 1320 920 vaporato
1336 815 1369 900 et

211 1046 214 1056 Ι
288 971 455 1040 calefacta
469 965 657 1058 afflatuque
674 988 780 1055 aure,
804 966 900 1058 quod
922 975 957 1036 et
973 962 1129 1038 audierit
1144 975 1180 1033 et
1194 963 1368 1054 pervolu-

287 1105 373 1172 larit
388 1098 543 1171 comicos
558 1099 732 1172 veteres.“
755 1097 847 1206 xAdv.
871 1103 931 1192 28,
953 1097 1008 1170 26.
1059 1097 1228 1172 Ferenda
1249 1099 1369 1190 utique

288 1239 366 1308 haec
380 1215 643 1329 interpretatio,
660 1257 743 1306 cum
751 1234 904 1326 fervere
919 1198 1104 1327 negotium
1117 1233 1259 1321 dicitru,
1275 1233 1369 1325 quod

288 1371 481 1466 diligenter
505 1379 667 1462 urgetur.
719 1365 861 1440 Verum
883 1369 972 1442 illud
990 1370 1048 1439 sui
1066 1369 1224 1440 studium
1246 1365 1368 1436 Persio

288 1507 351 1580 vix
365 1517 443 1576 erat
457 1505 563 1573 unice
578 1503 819 1590 expetendum
828 1527 839 1590 3
865 1527 1001 1574 severae
1019 1505 1096 1582 eius
1112 1475 1287 1596 iustaeque
1302 1509 1370 1570 eta

179 1663 186 1682 ⁴
288 1638 441 1709 vanitate
461 1633 589 1702 alienae
608 1631 724 1700 ,menti
751 1627 813 1700 illa
840 1633 1004 1714 lectionis
1029 1636 1215 1706 assiduitas
1240 1633 1371 1706 nullius

289 1771 385 1841 loret
405 1766 598 1855 momenti,
623 1765 693 1834 uisi
715 1765 922 1854 eonsilium,
956 1769 1055 1862 quod
1074 1771 1311 1859 sequebatur,
1332 1769 1373 1837 in

240 1903 243 1910 '
290 1903 435 2000 pudore
449 1898 554 1976 malis
566 1899 773 2006 incutiendo
789 1901 958 1995 positum,
983 1927 1035 2007 aa
1044 1901 1275 1980 obtineretur.
1314 1903 1372 1973 De

290 2041 446 2112 lectione
459 2039 569 2108 modo
583 2036 768 2108 laborabat
779 2050 930 2132 propter
946 2037 1124 2126 effectum,
1148 2037 1222 2132 qui,
1240 2037 1271 2106 si
1285 2059 1372 2110 ver-

291 2175 345 2242 bis
367 2172 471 2258 insit,
510 2191 635 2240 seusus
665 2169 747 2240 loco
777 2174 896 2264 aptior
927 2183 964 2242 et
988 2160 1167 2264 generoso
1190 2169 1375 2264 scriptoris
1400 2238 1402 2251 ,

290 2316 438 2396 pectore
455 2301 598 2392 dignior
612 2301 746 2374 evadet.
797 2301 905 2374 Illum
921 2327 1064 2378 sensum
1076 2306 1226 2400 pudoris
1242 2307 1375 2378 arden-

291 2440 335 2506 tis
359 2447 395 2506 et
419 2435 660 2524 vehementis,
687 2459 759 2528 quo
784 2435 863 2528 quis
880 2437 1080 2512 offunditur
1088 2487 1100 2526 ,
1125 2463 1209 2510 oum
1225 2440 1263 2510 in
1280 2437 1377 2508 libro

293 2570 430 2663 aliquid
444 2569 511 2638 sibi
529 2570 663 2644 dictum
677 2568 868 2664 intelligat,
894 2570 951 2643 vir
967 2593 1168 2666 anonymus
1187 2581 1224 2642 at
1236 2569 1377 2652 subtilis

204 2682 209 2700 ι
292 2703 427 2798 ingenii
438 2701 471 2793 ¹¹)
496 2707 576 2776 voci
599 2706 756 2800 ferveat
777 2704 1040 2780 subiiciendum
1071 2705 1211 2794 docuit,
1241 2702 1379 2774 collatis

293 2837 382 2910 locis
395 2813 553 2912 luvenal.
568 2837 692 2931 1,167.
719 2837 870 2926 „Tacita
882 2838 1012 2912 sudant
1024 2840 1228 2933 praecordia
1239 2837 1380 2932 culpa,“

295 2983 331 3042 et
347 2973 381 3060 3,
400 2973 457 3064 49.
483 2973 599 3062 „Quis
622 2995 720 3046 nuuc
740 2971 919 3066 diligitur,
952 2973 1022 3046 uisi
1044 2975 1225 3062 conscius,
1257 2983 1294 3042 ot
1319 2969 1380 3040 cui

290 3105 437 3199 fervens
453 3079 595 3177 AEs'tuat
614 3107 760 3178 occultis
776 3108 928 3200 animus,
942 3133 1156 3208 semperque
1169 3099 1382 3201 tacendis'?“

294 3238 437 3328 Quibus
451 3239 614 3312 addimus
630 3243 741 3316 verba
752 3233 917 3316 Horatii:
944 3225 1099 3334 §Fervet
1114 3243 1282 3333 avaritia,
1303 3240 1391 3338 ¹3¹1*

294 3389 445 3459 seraque
469 3371 640 3460 cupidine
663 3371 847 3467 pectus?“
877 3379 946 3468 Ep.
974 3385 1006 3466 ι’,
1028 3401 1060 3466 1,
1075 3379 1134 3452 55.
1167 3379 1309 3452 Locum
1331 3375 1390 3475 ita*

294 3498 457 3593 exponit:
501 3501 601 3592 „Qui
634 3505 749 3592 poetis
781 3506 911 3596 priscae
941 3507 1138 3578 cbmoediae
1176 3507 1382 3595 delectaris,

295 3635 413 3731 aspice
429 3644 467 3704 et
476 3657 558 3706 mea
571 3647 756 3728 poemata,
782 3640 813 3708 si
829 3639 924 3712 forte
939 3637 1026 3736 quid
1040 3637 1145 3708 solidi
1160 3607 1198 3712 iu
1213 3641 1256 3709 iis
1271 3639 1388 3725 inve-1

293 3769 412 3858 neris,
438 3793 510 3864 quo
524 3768 638 3838 lector
651 3773 793 3864 pudore
808 3772 980 3845 ferveat.“
1030 3776 1118 3846 Post
1137 3773 1248 3844 audis
1274 3799 1386 3848 com-

279 3928 369 3992 ma,
402 3927 471 3999 pro
499 3889 632 3992 „Inda“
660 3907 763 3998 ponit
792 3905 914 3994 Unde,
953 3911 1051 4000 quod
1072 3899 1187 3980 series
1210 3881 1387 3981 orationis

295 4039 420 4118 suadet
441 4039 684 4132 sequendum,
723 4063 790 4111 neo
818 4042 1002 4116 codicibus
1018 4043 1197 4116 alienum.
1243 4035 1387 4120 'Mem-

296 4171 418 4238 brauae
434 4172 571 4246 scilicet
585 4173 782 4246 Dresdeusi
794 4176 888 4246 inest
901 4177 1019 4271 Unde,
1045 4181 1147 4254 codd.
1165 4180 1252 4255 item
1259 4177 1390 4251 Haun.'

282 4293 329 4374 ’3.
351 4301 382 4369 5.
405 4311 440 4372 et
460 4305 708 4384 Chenuiicensi
731 4313 826 4406 apud
840 4313 1052 4388 weseram.
1078 4317 1129 4392 Io.
1152 4315 1387 4394 Britannicus

297 4473 591 4496 m

191 4597 208 4686 g
315 4569 346 4654 t)
380 4533 972 4671 Altg.Lit.zeit.10n.1aos,ami..
1014 4636 1019 4658 .

607 4901 618 4938 i
