3052 5202
160 748 261 820 enim
286 743 331 812 ad
351 733 544 812 Alcibiadis
567 731 705 805 vultum
725 725 1012 816 effingebantur,
1051 723 1148 814 quod
1168 747 1248 791 om·-

161 882 268 954 nium
290 877 403 948 etatis
424 895 499 942 suae
519 869 632 941 mullo
645 859 928 936 formosissimus
941 864 1051 948 esset,
1075 853 1253 928 teaeAr-
1288 901 1292 906 -

162 1013 276 1086 nobio
290 1013 426 1082 Contra
440 1007 576 1078 Gentes
590 999 625 1070 6.
686 997 802 1068 Immo
824 993 973 1064 nomina
995 989 1068 1060 illis
1090 986 1218 1062 eadem
1233 1013 1255 1060 a

162 1147 421 1224 conditoribus.
482 1137 543 1207 Sic
567 1127 828 1226 „Hipparchaei
848 1127 1022 1198 Hermae“
1047 1127 1133 1198 dicti
1158 1137 1253 1216 suni,

160 1309 255 1380 ,quos
268 1275 524 1372 Hipparchus,
548 1263 726 1338 Pisistrati
746 1261 860 1350 lilius,
884 1272 1066 1349 erexerat,
1089 1271 1128 1330 et
1148 1262 1252 1348 „An-

162 1417 304 1490 docidis
318 1403 503 1484 Hermes“
520 1381 741 1474 memoratur
756 1395 852 1488 apud
859 1386 1046 1487 Nepotem.
1081 1395 1256 1464 Romanis

164 1549 285 1622 cultus
303 1541 482 1620 Mercurii
506 1533 675 1608 solemnis
700 1542 786 1605 erac
837 1529 896 1600 De
918 1529 997 1600 aede
1016 1526 1071 1597 illi
1094 1526 1257 1600 dedicata
1352 1603 1363 1618 ¹

164 1685 293 1758 Livius
318 1675 352 1767 a,
375 1701 432 1750 21.
489 1673 549 1744 De
570 1665 765 1758 certamine
788 1661 998 1749 consulum,
1029 1673 1112 1734 uter
1136 1665 1256 1734 aedem

162 1818 265 1890 illius
288 1816 486 1896 dedicaret,
519 1807 618 1876 idem
642 1827 675 1890 a,
700 1789 759 1892 27¹.
818 1791 1011 1895 Templum
1032 1799 1188 1870 habebat
1208 1801 1255 1870 ad

162 1929 276 2026 metas
290 1949 468 2032 Murlias,
495 1951 641 2011 auctora
662 1935 791 2018 Festo,
817 1941 853 2002 et
868 1931 967 2002 aliud
988 1899 1150 2023 spectans
1166 1933 1256 2004 Cir-

164 2113 263 2175 cum,
284 2083 390 2156 Ouid.
406 2081 501 2150 Fosi
518 2077 552 2162 5,
567 2071 651 2164 675.
679 2045 682 2058 ’
704 2065 855 2138 Somnio
865 2084 956 2136 vero
970 2065 1016 2134 ad
1030 2067 1255 2138 Mercurium

163 2218 396 2315 pertinuisse,
423 2219 569 2282 constat
622 2201 688 2277 Illa
704 2217 774 2293 per
789 2201 876 2268 duas
891 2211 1031 2290 portas,
1056 2203 1255 2272 eburneam

166 2366 204 2426 et
218 2373 408 2438 corneam,
433 2369 479 2417 ex
494 2340 619 2416 inseris
632 2354 877 2429 prorumpere
891 2333 1141 2421 credebantur,
1165 2358 1258 2405 um⁴

164 2493 317 2562 braruro
335 2485 446 2556 iustam
466 2485 777 2572 spectronrmque.
810 2467 920 2538 Hom.
942 2466 1073 2560 Odyss.
1096 2493 1152 2560 19,
1169 2467 1253 2539 562.

164 2625 269 2716 Virg.
284 2622 366 2692 AEn.
382 2617 421 2705 6,
438 2614 521 2708 894.
544 2609 650 2682 Unde
664 2611 774 2686 inpos
791 2608 951 2682 ὀνειρων,
977 2601 1106 2693 Odyss.
1127 2608 1186 2686 24,
1200 2623 1252 2670 ra.

164 2718 422 2850 „Somniorum
447 2767 573 2840 agmen
593 2738 687 2812 nulli
708 2711 822 2806 mixta
843 2737 925 2807 Dea
943 2734 1087 2825 peperit
1098 2755 1172 2800 non
1187 2735 1258 2801 ob-

164 2891 313 2964 scura“
338 2877 646 2964 Hesiod.'1l1eog.
666 2891 762 2962 ara.
800 2865 1075 2960 Affingebantur
1097 2863 1169 2936 illis
1192 2865 1257 2934 alae

164 3017 467 3116 vespertilionum
487 3011 603 3101 nigrae
625 3016 662 3074 et
680 2999 830 3096 patulae,
856 2999 968 3092 Odys
994 3003 1052 3090 24,
1074 2999 1109 3068 6.
1158 2979 1272 3070 Ηὶιιο’

166 3156 352 3230 somnium
387 3143 559 3238 Euripidi
589 3147 921 3222 μελανοπτιρνγον,
962 3134 1195 3230 Orpheae
1154 3165 1195 3202 cc
1203 3165 1259 3202 νυ-

169 3321 204 3360 ca
211 3315 355 3367 πτερω,
380 3280 544 3352 Luciano
562 3301 705 3356 nram
746 3271 839 3344 ΗΕΘ
857 3293 945 3344 vero
966 3281 1110 3365 spectra
1129 3270 1256 3344 exin*
1264 3227 1268 3240 ·

166 3425 258 3500 feris
273 3422 362 3494 locis
375 3417 479 3510 virga
494 3438 556 3486 sua
571 3411 777 3488 Mercurius
792 3407 974 3502 prolicere
991 3407 1190 3498 dicebatur,
1211 3405 1259 3476 ad

168 3583 278 3656 quem
287 3555 469 3652 proinde,
494 3550 633 3646 quoties
649 3546 810 3618 cubitum
824 3545 922 3616 irent
932 3555 1093 3632 veteres,
1120 3542 1258 3612 ultimae

168 3713 313 3790 semper
326 3713 455 3786 preces
472 3685 732 3780 dirigebantur.
782 3681 837 3756 na
850 3679 1020 3752 Calasiris
1036 3675 1135 3768 apud
1147 3671 1260 3741 Heli-

173 3833 344 3902 odorum:
372 3823 492 3917 „rlge,
519 3821 564 3890 ad
579 3826 829 3908 campartem,
853 3837 961 3906 aqua
973 3833 1053 3880 sum
1068 3807 1260 3897 digressus,
1368 3817 1371 3830 ·

174 3959 445 4056 aggrediamur,
485 3972 635 4023 accenso
664 3951 766 4042 prius
797 3947 933 4042 lychno
962 3953 999 4012 et
1027 3938 1260 4010 libationibus

175 4107 258 4168 ante
272 4113 438 4178 sonarum
453 4085 534 4157 Diis
546 4082 734 4172 nocturnis
748 4081 862 4168 iactis,
887 4090 927 4146 ut
940 4074 1076 4164 usitatis
1091 4072 1259 4142 e‘erimo-
1338 4137 1341 4148 ,

173 4233 247 4304 niis
255 4224 417 4322 'peractis
436 4229 656 4317 pernoctare
678 4213 783 4288 nobis
796 4213 1003 4284 vacantibus
1015 4209 1111 4282 hisce
1127 4233 1260 4279 narra·-

174 4365 335 4436 lionibus
349 4343 545 4452 tranquille
561 4353 675 4429 liceat.
728 4347 819 4420 Haeo
834 4348 923 4421 dixit
922 4350 1136 4441 ,statimque
1151 4344 1282 4437 lych-·

176 4523 243 4572 nus
258 4519 426 4568 accensus
449 4494 493 4564 ab
521 4486 648 4564 ancilla
665 4457 759 4558 senis
774 4485 874 4556 iussu
890 4483 1130 4568 inferebatur,
1155 4487 1191 4547 et
1208 4473 1259 4543 li·-
