2984 5204
304 399 377 494 474
479 427 543 457 ι·
708 401 993 487 snr.v.;180.
1072 362 1110 418 ι’

248 739 250 747 ,
302 658 469 762 rendum,
485 675 583 768 quod
598 665 809 746 obiecerunt
824 677 981 748 editores
994 675 1102 765 huius
1119 676 1241 768 operis
1256 699 1367 750 raoeu-

303 811 416 882 tiores
431 811 562 903 Meyer
577 820 614 879 et
628 809 798 898 Schulze,
823 811 962 884 Werke
978 811 1077 882 Band
1095 813 1126 878 5.
1142 832 1177 901 p.
1196 811 1277 904 349.

333 943 342 1014 ἶ
389 947 468 1016 180.
526 943 701 1014 Herodis.
718 950 752 1030 ⁹⁸)
812 947 892 1033 „De
922 923 1238 1039 sufflationibus
1261 955 1369 1017 tractu

301 1081 514 1165 ostendens,
538 1079 646 1150 etiem,
661 1079 724 1172 qui
740 1037 1052 1171 superstitiohibus
1065 1081 1111 1150 sit
1123 1080 1279 1168 deditus,
1301 1105 1369 1150 ser-

289 1217 387 1298 ¹nire.
438 1212 511 1286 Hic
535 1211 703 1284 Herodes
719 1213 812 1306 apud
831 1215 973 1286 Iudaeos
987 1215 1152 1308 regnavit
1164 1215 1370 1306 temporibus
1444 1233 1445 1248 ¹

299 1347 452 1441 Augusti
469 1348 699 1440 imperatoris
711 1333 751 1418 in
764 1349 927 1439 partibus
947 1349 1073 1442 Syriae.
1124 1347 1284 1418 Herodis
1297 1371 1372 1440 ergo

299 1485 398 1556 diem
414 1453 574 1552 nantem
588 1459 794 1554 Herodirini
816 1483 1026 1572 observant,
1050 1494 1091 1552 ut
1114 1483 1220 1552 etiam
1243 1481 1372 1566 sabboti,

301 1641 373 1710 quo
390 1617 619 1700 dielucernas
635 1638 801 1686 accensas
814 1627 851 1685 et
863 1617 965 1688 violis
978 1608 1373 1687 coronatasinlenestris

195 1781 203 1807 r
297 1753 513 1846 ponebant“
537 1747 617 1820 Vot.
641 1747 866 1820 scholiastes.
919 1749 1040 1842 Qu'em
1054 1751 1285 1824 casaubonus
1298 1749 1375 1820 ulii-

298 1911 368 1980 que
382 1885 514 1974 secuti,
538 1883 770 1968 Herodianus
791 1885 952 1978 stritus,
976 1885 1107 1979 quibus
1128 1885 1182 1956 illi
1197 1885 1377 1958 Herodem

297 2023 469 2115 Magnum
493 2020 677 2106 colebant,
710 2017 745 2087 h.
769 2020 793 2088 1.
820 2021 936 2090 dictos
959 2020 1174 2092 existimant.
1230 2019 1378 2104 Addunt,
1444 2033 1445 2096 j

295 2136 526 2228 Herodianus
550 2166 682 2224 sectam
702 2155 911 2224 ludaeorum
933 2153 1141 2248 religiosam
1163 2153 1290 2242 fuisse,
1314 2177 1379 2260 ur-

173 2338 185 2368 ,
295 2301 418 2383 gentos
432 2289 552 2358 locum
570 2285 806 2362 Tertulliani:
832 2291 949 2377 „Cum
965 2288 1022 2358 his
1038 2289 1260 2374 (Phari-souis)
1278 2290 1384 2359 etiam

294 2401 546 2508 Herodianus,
572 2422 636 2514 qui
659 2417 842 2492 Christum
864 2424 1052 2506 Herodem
1076 2391 1154 2491 esse
1177 2423 1386 2494 dixerunt.“

294 2557 341 2626 de
369 2556 575 2648 Praescript.
605 2555 744 2627 Haeret.
777 2583 806 2626 o.
833 2557 890 2626 45.
917 2555 961 2626 os.
984 2555 1163 2648 Epiphan.
1187 2555 1290 2624 Haer.
1322 2573 1388 2626 πο.

208 2655 211 2666 ¹
294 2684 556 2784 Theophylact.
574 2690 614 2764 in
625 2691 738 2762 Mure.
754 2715 783 2764 c.
796 2693 863 2762 bet
875 2712 928 2760 12.
955 2690 1191 2784 Euthymium
1208 2688 1246 2758 in
1255 2687 1387 2760 Marah

294 2847 351 2898 22.
371 2825 463 2897 Vict.
479 2817 743 2901 Antiochenam
761 2827 799 2894 in
814 2826 927 2898 Mare.
950 2847 1005 2896 rs.
1022 2826 1235 2920 quibuscum
1249 2822 1390 2892 faciunt

192 2988 195 2996 ’
290 2959 488 3048 Batonius,
526 2960 696 3053 Apparet.
729 2961 775 3028 ed
809 2958 937 3032 Annal.
969 2961 1106 3032 Eooles.
1140 2959 1390 3040 casaubonus,

288 3097 418 3168 Exere.
444 3095 482 3162 in
506 3097 635 3164 Barou.
658 3095 726 3165 Ios.
749 3095 932 3186 Scaliger,
972 3093 1160 3177 Animam.
1182 3095 1227 3162 od
1248 3093 1389 3164 Euseb.

290 3229 440 3298 Grotius
455 3229 492 3296 in
509 3229 634 3300 hlatth.
658 3231 702 3300 16
721 3241 757 3298 et
772 3251 829 3298 22.
846 3225 914 3300 &o
966 3227 1021 3299 Hi
1046 3252 1170 3299 omnes
1192 3227 1390 3298 Herodia-

221 3387 224 3397 *
288 3385 419 3432 norum
442 3392 565 3442 ιυριαν
601 3371 707 3440 δοξαν
746 3365 965 3450 existimant,
991 3360 1180 3434 Herodem
1197 3363 1248 3434 M.
1269 3361 1393 3434 fuisse

288 3496 475 3585 Messium,
498 3529 556 3566 τον
581 3508 618 3566 ἰν
640 3529 768 3569 naonis
792 3529 1101 3583 ynoooeevoners
1117 3469 1176 3564 unt
1194 3525 1397 3580 μροφητων

215 3662 218 3670 ·
286 3639 593 3716 προσδοριωμενον,
634 3647 674 3708 ut
695 3639 781 3710 dicit
797 3636 1041 3728 Epiphanius,
1067 3635 1166 3728 quod
1180 3636 1219 3704 ia
1235 3634 1300 3745 illo
1317 3635 1400 3704 Iu-

287 3769 474 3844 daicorum
488 3795 617 3865 regum
628 3773 807 3844 successio
826 3773 937 3842 finem
953 3767 1137 3856 habuerit,
1162 3769 1264 3840 iuxta
1287 3791 1402 3860 pro-

182 3927 186 3934 ·
286 3902 495 4004 missionem
508 3907 638 3980 Genes.
656 3909 717 4000 49.
767 3907 818 3978 Ut
831 3929 920 3979 vero
934 3904 1136 3990 tacendum,
1157 3902 1239 3982 illos
1254 3927 1406 3974 omnes

288 4091 583 4120 nna—h.-

305 4231 332 4309 *l
366 4235 534 4304 Gem'fivus
553 4243 707 4324 regularis
730 4243 867 4305 nominis
890 4243 974 4303 haud
998 4241 1141 4313 barbari,
1180 4243 1239 4302 sed
1261 4241 1412 4316 Grec-ci,

256 4360 261 4367 '
367 4351 506 4426 Ιϊρωδης,
529 4379 567 4412 nr.
592 4345 777 4412 Genitirum
790 4349 936 4425 Herode,
953 4347 1103 4410 Priscian.
1120 4347 1254 4408 Putsch.
1268 4369 1299 4408 c.
1317 4351 1415 4426 705.

333 4477 336 4483 ·
367 4445 643 4529 Latiuiignorent.
1122 4435 1130 4452 ’
