3046 5206
622 509 710 560 sar.
732 513 789 563 iv.
1027 523 1035 536 .
1153 513 1160 524 ·
1183 503 1250 574 351
1297 467 1299 475 ’

167 781 267 863 iam,
287 767 435 865 luctari3
467 773 545 844 hoee
561 775 663 860 snut,
689 787 843 864 quorum
859 781 899 840 tu
913 772 1097 846 scientiam
1110 769 1261 848 habes‘*

167 911 268 984 Nero
284 906 448 977 similiter
468 881 639 1009 coniecit,
664 905 817 1000 pulsavit
838 904 1031 1000 citharam,
1057 906 1257 1004 aurigavit“

169 1037 238 1115 &o
265 1039 411 1112 Sueten.
427 1039 515 1112 Ner.
538 1041 682 1112 so-slt.
735 1031 943 1112 Aa'nomen
966 1037 1096 1140 magni
1115 1041 1258 1118 Pericli

169 1203 203 1256 v.
222 1177 255 1249 5.-
280 1177 325 1247 de
348 1179 485 1248 Seneca
506 1187 541 1246 et
561 1167 727 1259 Burrho,
758 1171 865 1246 claris
887 1175 1045 1250 Neronis
1064 1175 1255 1274 tutoribus,

170 1309 410 1404 cogitandum.
441 1305 616 1383 Alcibiadi
641 1304 827 1405 ingenium
851 1321 888 1380 et
913 1327 1036 1381 rerum
1044 1313 1256 1410 prudentia

169 1445 274 1520 velox
298 1455 387 1518 ante
405 1446 508 1544 pilos
532 1443 632 1518 venit
657 1467 689 1519 v.
707 1445 740 1515 4.
800 1443 859 1516 Illi
881 1445 1077 1538 exprobrat
1091 1447 1257 1518 Socrates

170 1579 395 1673 Platonicus,
428 1579 524 1676 quod
541 1579 644 1674 prius
658 1555 833 1672 (nondum
855 1577 980 1676 viginti
1004 1599 1115 1650 armos
1137 1575 1257 1675 natus)

145 1791 148 1798 ,
171 1716 216 1785 ad
232 1711 349 1790 civilia
364 1740 402 1786 se
420 1715 633 1802 contulerit,
662 1731 768 1810 quam
783 1715 896 1786 fiterit
910 1713 1135 1810 gubernandi
1149 1715 1255 1808 peri·-

169 1823 240 1920 tuss
268 1843 423 1923 'Neroni
438 1873 528 1924 vero
550 1851 750 1937 „maturata
772 1845 885 1921 virilis
906 1860 1008 1942 toga,
1039 1873 1111 1944 quo
1124 1873 1255 1944 capes-

170 1985 288 2064 sendae
308 1983 368 2056 rei
390 1981 545 2078 publicos
560 1979 687 2056 habilis
704 1983 925 2059 edereturr‘
949 1979 1036 2054 Tac.
1052 1981 1177 2056 Annei
1198 2005 1254 2071 ια,

172 2119 229 2190 41.
257 2117 302 2190 ci.
316 2121 461 2191 Sueten.
479 2115 565 2216 Ner.
585 2117 618 2190 8.
658 2117 709 2190 Ut
723 2115 944 2190 Alcibiadem
958 2117 1107 2217 scientia
1122 2129 1158 2189 et
1173 2117 1255 2190 elo·
1320 2197 1324 2209 ,

172 2252 318 2346 quentia
333 2251 540 2323 destitutum
556 2253 720 2326 Socrates
736 2251 853 2322 Persii
875 2273 907 2324 v.
928 2255 982 2326 5-
992 2253 1026 2322 8.
1044 2263 1079 2324 et
1092 2253 1256 2334 Platoni-3

138 2392 144 2420 ⁸
170 2385 288 2458 cusin
304 2381 460 2478 Dialogo
477 2383 658 2472 describit,
684 2385 734 2455 ita
751 2385 898 2456 Tacitus
907 2383 1000 2456 Anu.
1014 2385 1069 2473 ιδ,
1079 2385 1112 2454 ὅ.
1129 2381 1254 2476 refert,

169 2485 372 2610 senatores,
412 2539 494 2590 eum
523 2517 625 2589 Nero
656 2515 898 2590 laudationem
929 2517 1071 2590 Claudii
1101 2517 1256 2592 Caesaris

170 2657 381 2747 dixissent
400 2655 543 2726 Seneca·
558 2647 794 2742 elaboratam,
819 2653 1024 2742 adnotasse,
1047 2669 1156 2744 „eum
1170 2652 1256 2744 pri-

169 2811 270 2860 mum
285 2809 332 2859 ex
346 2783 409 2874 iis,
434 2787 498 2879 qui
513 2805 640 2855 rerum
655 2785 759 2878 potiti
774 2795 910 2874 essent,
935 2785 1062 2858 alienae
1076 2785 1256 2858 iacuudiae

171 2919 345 3020 eguissef‘
378 2919 471 2990 Cum
487 2917 527 2988 in
541 2915 666 2989 iiberae
682 2917 905 3010 Reipublicae
922 2919 1154 2992 concionibus
1167 2919 1256 3016 piu·-
1299 2969 1307 2982 ι

66 3071 72 3088 ·
169 3059 274 3130 simos
290 3049 495 3142 obveniant,
510 3061 546 3123 et
558 3049 859 3143 implicatissima,
876 3077 956 3146 quae
971 3057 1016 3126 ad
1030 3055 1121 3128 iuris
1134 3055 1256 3128 scisn-

169 3196 257 3267 tiam
279 3188 505 3285 pertineant,
529 3155 761 3284 quaestiones,
785 3185 948 3258 Socrates
964 3187 1001 3261 in
1017 3189 1170 3284 Dialogo
1185 3189 1255 3266 Α]-
1374 3155 1376 3162 ¹

170 3325 349 3398 cibiadem
365 3345 471 3394 suum
488 3319 655 3415 inprimis
669 3319 754 3390 iusti
770 3320 964 3416 iniustique
977 3323 1127 3394 scientia
1141 3301 1257 3398 voluit

168 3464 392 3544 instructum.
435 3457 511 3528 Nee
529 3445 737 3526 aRomanis
752 3457 1030 3549 imperatoribus
1045 3458 1167 3530 abesse
1181 3480 1255 3550 po-

167 3607 269 3668 terat
276 3595 366 3666 iuris
383 3589 499 3668 civilis
513 3591 662 3685 peritia,
694 3613 777 3662 cum
792 3591 993 3686 imperante
1009 3592 1158 3668 Octavio
1175 3561 1254 3664 Au-¹

160 3705 272 3822 ⁸gusto
289 3741 325 3800 et
340 3688 504 3821 sequenti
519 3734 696 3816 ternpore,
719 3727 765 3796 ad
776 3725 1009 3798 imitationem
1027 3727 1151 3797 liberae
1159 3727 1254 3794 Rei-

168 3860 335 3953 publieae,
354 3861 475 3932 habita
490 3871 574 3928 sunt
589 3859 743 3946 comitis,
769 3857 865 3953 leges
881 3861 926 3930 ad
941 3857 1116 3952 populum
1132 3855 1253 3951 irnpe-

168 4003 307 4064 ratores
323 3992 497 4116 tuqenmt,
511 4001 572 4066 aut
588 3993 756 4063 suasoriis
774 3993 993 4064 orationibus
1010 3991 1253 4082 defenderunt,

168 4127 385 4220 tandemque
394 4125 438 4196 de
447 4123 664 4220 graviaffls
674 4127 819 4216 caussis,
833 4125 1053 4218 argumentis
1061 4127 1100 4198 in
1111 4133 1253 4200 utram-

168 4287 240 4358 que
263 4272 403 4354 partem
418 4261 594 4347 excussis,
619 4259 689 4352 ipsi
705 4261 954 4333 decreverunt.
1006 4261 1149 4353 Quanta
1163 4287 1251 4338 vero
1368 4263 1373 4274 '

168 4397 378 4484 acerbitate,
404 4377 519 4471 laudis
544 4393 677 4466 scilicet
697 4395 764 4465 sub
788 4396 926 4490 specie,
954 4397 1139 4471 Neronem
1155 4402 1250 4472 Per-

107 4513 113 4522 *
166 4535 243 4608 sius
263 4557 298 4608 v.
317 4533 437 4628 9-13.
457 4527 605 4604 taxavit!
654 4527 868 4626 tricipitem
889 4543 1016 4606 tenens
1039 4531 1190 4644 librum,
1215 4541 1251 4602 et
