3052 5202
567 372 655 422 ser.
676 374 732 436 m,
761 355 891 422 48-52.
1201 357 1277 432 213
1392 433 1397 442 ,

519 499 1277 524 ffl———n-——q——n--n

124 625 136 636 ’
174 642 267 704 sunt
287 627 532 709 circumlata.“
557 628 659 700 lllem
673 625 862 698 Marcilius
884 637 920 694 et
940 629 1100 700 Bondius
1116 641 1272 721 tuentur,
1330 617 1335 627 ’

175 777 220 836 et
240 766 387 858 quidem
411 765 515 858 prior
538 789 582 834 eo
602 753 750 834 nomine
758 815 771 870 ὅ
802 759 901 852 quod
919 761 1063 830 satirico
1080 763 1215 833 dictum
1229 768 1276 834 sit
1340 841 1343 850 ,

172 923 252 991 pro
267 901 409 972 victime
424 897 545 990 opima
556 897 629 975 sive
646 895 735 966 altili
751 908 785 964 et
801 893 910 982 farta,
935 919 1017 966 oum
1032 920 1077 966 ex
1094 897 1274 968 Varronis
1290 953 1294 958 .

171 1032 282 1104 loco:
306 1036 448 1122 „Boves
465 1033 593 1120 altiles,
609 1033 654 1101 ad
667 1026 812 1122 publica
829 1032 1002 1130 sacrificia
1018 1032 1181 1126 saginati,
1207 1025 1273 1102 di-

171 1179 312 1240 cuntur
334 1169 483 1262 opimi,“
508 1167 555 1238 de
578 1167 624 1236 R.
648 1167 693 1235 R
718 1173 960 1256 2,1.pateat,
984 1167 1143 1240 victimas
1158 1167 1271 1238 fuisse

172 1301 306 1372 altiles.
359 1303 469 1392 Quod
484 1298 717 1388 Casaubonus
731 1299 934 1390 impugnat,
952 1299 1059 1388 ferto
1074 1299 1208 1390 lege'ns,
1234 1313 1271 1371 et

173 1433 228 1506 ad
244 1434 419 1506 Catonem
437 1433 542 1510 dett.
560 1434 605 1505 R.
626 1431 705 1506 154.
732 1453 951 1524 provocans:
984 1435 1180 1521 „Ferctum
1194 1435 1270 1505 levi

170 1579 324 1643 moveto
341 1579 377 1638 et
390 1579 542 1641 mactato
560 1567 627 1638 sic:
662 1565 825 1658 Iuppiter
845 1573 881 1634 te
901 1564 971 1640 lroc
993 1567 1109 1638 fercte
1135 1569 1268 1638 obmo-

170 1701 298 1776 vendo
320 1703 430 1774 bonas
452 1725 580 1794 preces
600 1723 750 1792 precor,
776 1698 830 1770 uti
848 1700 1063 1774 sies-volens
1085 1703 1266 1794 propitius
1353 1783 1359 1790 ἱ

169 1834 266 1906 mihi
277 1833 473 1929 liberisque
487 1837 578 1914 meis
591 1831 928 1926 domosamiliaeque
942 1860 1032 1906 meae
1047 1848 1182 1910 inactus
1194 1839 1266 1910 hoc
1292 1875 1295 1882 ·
1377 1899 1383 1914 ,

171 1971 324 2042 screto-‘⁴
376 1969 461 2042 Non
476 1993 565 2068 verq
582 1968 773 2062 degenere
790 1966 876 2054 libi,
901 1971 965 2040 sed
988 1969 1198 2062 simpliciter
1219 1971 1265 2039 de

171 2127 218 2172 re
239 2104 327 2199 ,Diis
353 2103 469 2176 oblate
496 2086 630 2174 dictum
650 2101 736 2176 vult.
805 2101 918 2174 Vetus
941 2101 1155 2175 scholiastes
1178 2105 1264 2198 legit

161 2237 299 2330 serto,
322 2237 373 2306 ite
388 2237 588 2330 explicans:
612 2236 771 2324 .‚',Genus
788 2246 842 2306 cst
860 2239 966 2329 panis
980 2237 1037 2312 vel
1052 2237 1135 2326 libi,
1162 2239 1273 2332 quod¹

167 2371 255 2442 Diis
271 2369 424 2444 infertur
441 2361 945 2464 spontificibus'lusacrificio
954 2398 966 2465 5
988 2373 1124 2445 dictum
1137 2345 1259 2444 eutem

161 2503 305 2604 fertum
327 2530 348 2574 a
368 2501 531 2578 ferendo.
596 2509 649 2578 lta
676 2517 713 2576 et
744 2506 872 2578 Festus
897 2518 934 2578 et
955 2509 1116 2582 Isidorus
1137 2507 1172 2593 6,
1201 2531 1255 2596 ¹9·
1297 2531 1299 2538 ’
1364 2497 1368 2508 ’

166 2639 281 2728 Quod
303 2663 386 2720 eum
409 2639 551 2710 facilem
574 2641 737 2714 admittat
756 2663 919 2724 sensum,
961 2641 1005 2711 ab
1028 2640 1259 2722 editionibus,

169 2797 329 2865 querum
344 2773 513 2864 plurimae
527 2773 638 2862 serto
657 2771 809 2858 habent,
834 2781 915 2840 nor'r
924 2769 1068 2841 videtur
1080 2770 1258 2854 receden-

166 2907 270 2976 dum.
296 2907 399 2992 Iam,
424 2905 501 2976 ianr
518 2905 606 2990 iom,
631 2903 831 2992 confestim,
855 2901 964 2974 illico.
997 2901 1259 2998 Nequidquam

42 3051 49 3066 ·
164 3037 239 3110 &c
275 3043 461 3112 Frustrata
483 3061 566 3130 spes
580 3037 737 3108 hominis
752 3035 876 3128 cupidi
891 3045 927 3104 et
939 3036 1175 3128 superstitiosi
1188 3059 1258 3128 per
1383 3106 1387 3118 ,

165 3175 460 3266 prosopopoeiam
483 3172 701 3244 transfertur
720 3173 767 3242 ad
791 3171 1000 3242 numum-in
1023 3171 1137 3242 fundo
1151 3194 1257 3276 arose,

167 3307 234 3400 qui
256 3330 277 3377 a
300 3309 407 3378 sociis
430 3307 620 3380 destitutus
649 3319 685 3376 et
708 3305 807 3376 solus
827 3291 972 3376 relictus
992 3305 1254 3378 sacrificiorum
1386 3375 1391 3380 .

166 3441 351 3535 impendio
368 3443 578 3536 ingemiscit.
620 3442 831 3536 Respicitur
845 3441 967 3512 forsan
982 3439 1028 3510 ad
1044 3451 1144 3513 retus
1159 3463 1254 3532 pro-

163 3577 345 3652 verbium:
371 3602 454 3650 sere
468 3579 507 3649 in
527 3577 641 3650 fundo
655 3577 896 3670 parsimonia,
918 3586 1022 3662 διυη
1040 3587 1077 3646 tv
1097 3589 1254 3657 πυθμενι

133 3705 137 3714 ¹
165 3723 282 3794 statn-
308 3715 459 3786 Heslod·
1242 3707 1245 3714 ²

227 3847 351 3938 Pergit
367 3849 498 3916 52-58.
525 3845 677 3918 Stultum
691 3845 879 3918 homimun
894 3847 1100 3938 opinionem
1114 3857 1251 3938 taxare,

165 3959 264 4072 rjuod
286 3989 326 4048 ut
347 3977 401 4047 illi
419 3981 649 4069 muneribus,
682 4007 772 4052 auro
794 3991 830 4050 et
852 3991 999 4076 argento
1016 3977 1250 4068 delectantur,
1287 4019 1295 4046 2

164 4115 216 4185 sic
229 4113 338 4185 etiam
352 4112 450 4184 Deos
463 4111 520 4220 hit
539 4115 619 4208 capi
634 4116 837 4186 crederent.
861 4194 864 4220 ι

228 4249 286 4320 52.
337 4247 573 4336 ‚‚Creterras“
599 4249 832 4320 Caseubonus
855 4247 1021 4344 praecipit
1044 4247 1248 4344 legendum,

164 4385 260 4476 quos
276 4383 423 4478 quidem
440 4383 701 4476 spumosum
716 4387 839 4474 15,es.
855 4387 971 4464 acte.
991 4365 1122 4459 uenat
1133 4385 1248 4456 neor.
