2984 5204
527 387 613 494 aar.
634 445 693 513 v.,
720 426 800 497 154.
815 449 868 518 sq.
1165 431 1246 524 asp
1323 443 1326 450 ’

226 695 408 780 rsa-160.
455 696 599 794 Anceps
615 721 703 772 eura
718 709 756 771 et
770 661 944 786 miserum
965 701 1151 776 servitium
1165 703 1238 776 ho*-

149 833 423 908 minisararitiae
431 815 633 910 et‘tuxuriae
649 833 828 906 illecebris
843 833 975 906 irretiti
992 845 1028 908 et
1042 837 1082 906 in
1096 848 1237 910 utram-
1330 913 1334 926 ,

142 962 221 1062 'que
250 979 390 1062 partem
419 969 580 1066 distracti
608 967 835 1040 describitur.
903 965 1023 1065 Dupl.
1057 973 1237 1044 scinderr‘e

149 1102 279 1192 tuno,
300 1113 481 1198 tamqudm
495 1103 623 1196 piscis,
651 1125 674 1171 a
685 1103 825 1172 duobus
841 1099 1078 1194 piscatoribus
1092 1107 1238 1178 iresca-e

148 1247 216 1308 tus.
268 1237 418 1309 Hamus
437 1237 554 1338 Persii
570 1235 765 1329 Propertio
778 1246 831 1306 est
846 1259 1004 1327 ‚‚uueus,
1030 1242 1093 1333 qui
1115 1253 1237 1313 mento

147 1371 260 1462 fixus,
282 1371 368 1447 lieet
390 1373 570 1444 discussus
577 1420 589 1459 ,
618 1369 744 1440 laesum
767 1381 887 1442 tamen
908 1382 1031 1476 rostro
1054 1395 1122 1444 suo
1144 1395 1238 1466 pre-
1309 1401 1313 1414 ¹

148 1507 248 1578 mit.“
298 1505 468 1579 Luctata
489 1505 640 1578 corsis...
667 1515 823 1574 catenae.
875 1504 1082 1597 Osiridis,
1106 1523 1237 1600 quam⁴

147 1641 203 1715 vis
218 1640 415 1730 reluctans,
439 1641 570 1728 servit,
591 1639 642 1710 ita
655 1635 812 1712 Horatio
835 1639 929 1726 ‚dam
952 1650 1139 1729 contento,
1163 1639 1237 1711 iam

145 1775 230 1848 laxo
253 1773 340 1847 fimo
361 1775 536 1862 laborat,“
569 1771 639 1842 Sar
669 1793 703 1860 a,
728 1795 763 1864 7,
788 1795 844 1842 ao.
870 1784 906 1844 et
927 1775 1023 1868 apud
1046 1758 1235 1850 Senecam:

145 1911 287 2002 „laxam
301 1919 463 1982 catenam
477 1903 623 1976 trahis“
643 1903 688 1976 do
703 1904 812 1977 Beata
826 1905 911 1979 vita
928 1909 983 1978 16.
1034 1909 1156 1980 Locus
1169 1908 1234 1976 in·-
1262 1929 1265 1944 ·

145 2055 246 2138 teger
261 2044 400 2122 adrem
417 2040 667 2120 illustrandam
684 2025 848 2140 apprime
865 2036 967 2118 facit:
1002 2043 1089 2130 „Ei,
1113 2041 1175 2142 qui
1190 2042 1236 2112 ad

144 2179 314 2254 virtutem
337 2177 473 2265 tendit,
501 2175 640 2252 etiamsi
661 2175 813 2252 mutum
836 2177 1031 2276 processit,
1068 2192 1159 2269 opus
1182 2183 1236 2251 est

143 2347 438 2392 ...r-...-

226 2479 292 2544 vira
314 2479 463 2568 decurrit.
505 2477 722 2553 Dubiumne·
742 2475 827 2558 quod
844 2474 951 2558 iuvat,
979 2495 1088 2560 sapere
1104 2485 1136 2542 et
1151 2473 1234 2540 suu
1264 2467 1267 2478 ’
1357 2555 1360 2573 Ι

223 2607 290 2649 nou
312 2606 436 2665 sempor
455 2583 631 2664 voluptates
653 2581 865 2660 decerpturar,
886 2581 1015 2644 interim
1032 2581 1107 2644 dum
1121 2589 1233 2661 potest,

149 2687 157 2696 ’
225 2675 301 2750 dum
313 2690 423 2767 poscit,
446 2687 615 2768 ingereret
645 2685 732 2764 Quid
746 2683 834 2749 iurat
853 2683 1031 2763 frugalitate
1044 2685 1129 2747 ultro
1144 2703 1232 2744 mor·

225 2801 290 2852 tem
303 2809 517 2870 procurrere,
540 2799 571 2850 ct
584 2785 738 2868 quidquid
753 2785 809 2846 illa
824 2785 966 2847 ablatura
991 2777 1054 2862 est',
1082 2787 1144 2846 lam
1170 2785 1233 2847 sibi

225 2893 440 2962 interdicere?
473 2895 547 2956 Nou
561 2890 1232 2974 amicambabes,uoupt1erumquiamieo
1322 2937 1339 2972 ,.
1390 2867 1397 2899 ⁶

225 3007 361 3071 moveat,
375 2995 548 3072 invidiam
591 2995 732 3077 quotidie
754 2995 877 3086 sobrius
905 2995 1031 3078 prodis3
1067 2996 1112 3062 sio
1132 3015 1233 3072 cenas,
1324 2985 1326 2994 ’

225 3115 383 3184 tamquam
400 3097 633 3180 ephemeridem
657 3101 810 3182 (diarium
821 3101 962 3162 tuum'et
975 3101 1129 3178 rationes)
1150 3101 1233 3182 patri

227 3207 466 3290 approbaturus.
506 3207 539 3268 N
541 3225 581 3266 ou
597 3216 643 3266 est
657 3205 736 3268 illud
750 3204 875 3281 vivere,
896 3207 951 3268 sed
970 3205 1079 3268 alienae
1093 3207 1166 3268 ritu
1180 3207 1233 3270 irr-

225 3323 353 3380 teresso.
398 3311 523 3390 Quarta
537 3309 695 3372 dementia
711 3321 775 3386 est,
796 3310 907 3374 heredi
921 3328 976 3373 suo
991 3332 1180 3392 procurrere,
1200 3322 1234 3380 ct
1295 3305 1303 3321 '

223 3419 286 3488 eibi
306 3434 419 3499 negare
433 3416 554 3492 omnia,
576 3427 613 3484 ut
624 3415 685 3484 ribi
700 3437 739 3480 ex
754 3415 855 3484 amieo
876 3413 1039 3486 inimicum
1055 3439 1165 3500 magna
1181 3421 1232 3481 la-

228 3523 290 3587 ciat
307 3521 491 3588 hereditas?
530 3521 605 3584 Plus
624 3522 708 3592 euim
722 3521 869 3602 gaudebit
878 3531 932 3588 tua
948 3535 1062 3599 morte,
1084 3545 1146 3605 quo
1160 3525 1230 3606 plus
1285 3571 1291 3584 .

224 3629 391 3710 acceperit.
432 3631 513 3690 Istos
531 3627 636 3690 tristes
651 3641 683 3690 et
701 3629 921 3710 superciliosos
941 3628 1050 3690 alienas
1065 3628 1138 3690 vitre
1154 3649 1231 3688 eeu·

134 3725 143 3738 ’
224 3753 327 3810 sores,
349 3731 544 3814 suehoatcsj
562 3733 704 3819 publicos
726 3734 907 3824 pedagogos
914 3779 923 3818 ,
947 3731 1022 3792 assis
1041 3752 1082 3792 rra
1106 3729 1229 3806 feceris,
1284 3743 1295 3782 t

121 3893 126 3900 .
224 3855 283 3898 nec
301 3835 512 3913 dubitaveris,
535 3839 648 3900 borram
667 3841 898 3921 ritamsquam
919 3837 1098 3918 opinionem
1114 3837 1228 3897 bonam
1275 3855 1279 3868 ·

225 3943 347 4000 mulle.“
386 3942 464 4018 „lire
486 3945 609 4017 voees,“
633 3942 677 4002 lta
694 3943 798 4026 pergit
813 3947 931 4006 Seuera
940 3988 950 4019 ,
969 3962 1052 4017 „non
1070 3939 1160 4001 aliter
1175 3942 1228 4000 fu„

224 4046 344 4127 giendo
368 4059 456 4122 sunt,
499 4067 591 4126 quam
613 4043 692 4122 illas,
722 4069 797 4128 quas
821 4051 966 4128 Ulysses,
994 4044 1057 4112 uisi
1075 4045 1226 4126 alligatus,

223 4148 411 4228 praetervehi
432 4135 563 4222 uoluit.“
603 4151 769 4214 Illecebras
790 4153 935 4214 Sirenum
957 4163 1091 4232 spectat,
1113 4155 1225 4236 quibus

223 4273 263 4312 ne
280 4253 406 4331 Ulysses
420 4266 450 4316 et
463 4257 555 4317 amici
573 4257 606 4318 in
623 4255 797 4336 perniciem
814 4237 1053 4328 abducercn'tur,
1074 4255 1225 4318 hisceres

223 4379 295 4424 cera
316 4361 534 4439 obturaverat,
562 4383 659 4444 seque
682 4359 826 4422 manibus
847 4362 1040 4445 pedibusque
1061 4363 1224 4438 maloleo-

222 4475 304 4528 serat
318 4465 448 4547 alligari.
469 4468 599 4530 llomer.
617 4469 731 4551 Odysr.
750 4487 796 4546 12,
815 4481 883 4550 178.
