2984 5204
131 512 136 520 ·
206 493 277 564 iot
392 567 394 574 y
475 551 478 556 .
586 507 674 558 sar.
702 509 762 574 v.,
788 487 921 557 64-68.

21 854 25 867 .
120 831 126 836 .
204 769 262 841 De
283 739 327 835 co
349 774 507 834 ceterum
534 753 874 856 Diog.Laertiua17,
898 761 929 832 4.
982 765 1111 836 Lectio
1134 765 1300 854 „Cloan-

173 901 312 971 tthea“
344 899 448 968 codd.
482 895 726 966 Husumensis
749 907 792 967 et
822 897 1111 987 Chemnicensis,
1147 897 1299 972 inscitiae
1355 901 1358 909 ’

204 1015 440 1105 librariorum
460 1031 670 1120 tribuenda,
718 1029 934 1102 adfinitatem
958 1030 1092 1114 horum
1116 1032 1297 1107 librorum

204 1169 336 1262 prodit
394 1165 522 1237 Petite
549 1164 655 1251 ltine,
691 1189 737 1234 ex
760 1165 868 1234 huius
896 1165 1134 1258 philosophiae
1163 1169 1295 1258 studio,

195 1301 458 1396 finem-animo
474 1310 627 1388 certum,
651 1299 696 1370 de
712 1323 784 1392 quo
797 1311 980 1394 praecepta
992 1302 1197 1372 Stoicorum
1207 1291 1293 1373 'uide

205 1439 251 1508 ad
264 1439 334 1506 Sat.
354 1437 389 1523 5,
405 1431 464 1502 62.

277 1569 435 1661 tto-69:
471 1569 699 1640 Commotum
720 1567 1024 1638 admonitionibus
1042 1569 1207 1640 iuuenem
1229 1563 1293 1638 in-

204 1705 322 1791 ducit,
352 1704 416 1773 sed
439 1701 637 1776 dilatorem.
701 1699 795 1772 Cras
819 1703 907 1790 hoc,
939 1703 1037 1806 quod
1060 1703 1181 1790 iubes,
1206 1699 1291 1794 fiet.

127 1923 136 1933 .
203 1841 293 1939 Cras
308 1846 404 1908 recte
420 1837 564 1912 vivendi
587 1835 765 1908 rationem
784 1849 907 1929 petere
924 1837 1103 1930 incipiam.
1155 1837 1292 1907 Noster

203 1973 413 2065 respondet:
455 1971 560 2042 Idem
581 1993 665 2042 cros
676 1967 759 2064 fiet.
799 1971 872 2042 Ubi
894 1971 1068 2042 crastinus
1083 1939 1156 2042 dies
1173 1973 1289 2042 adve-

202 2109 318 2193 nerit,
356 2107 452 2176 idem
469 2107 583 2194 dices,
622 2105 758 2175 scilicet
779 2118 816 2177 te
840 2129 920 2176 cras
944 2103 1181 2208 incepuuu'm.
1222 2107 1290 2176 lu-

202 2243 302 2314 renis
330 2241 468 2332 regerit
496 2231 726 2363 succerpens:
786 2239 904 2327 Quid,
949 2241 1057 2335 quasi
1088 2235 1296 2337 magnum?

203 2375 346 2468 Nempe
371 2373 470 2442 diam
494 2359 622 2446 donas.
675 2374 754 2444 Cur
775 2397 835 2442 me
858 2397 983 2466 urges,
1014 2375 1116 2466 quasi
1130 2378 1291 2452 immen-

201 2530 281 2578 sum
296 2509 470 2601 temporis
491 2509 646 2602 spatium
664 2499 869 2600 petentem?
890 2564 894 2572 .
918 2505 1039 2574 Unum
1057 2508 1170 2574 niodo
1183 2483 1291 2578 ‘diem

164 2709 171 2722 ,
201 2635 386 2714 concedas.
433 2641 519 2714 Vel:
551 2642 666 2733 Quasi
695 2659 864 2734 magnum
895 2641 942 2710 sit
962 2640 1145 2734 negotium
1177 2641 1289 2712 unius

201 2779 272 2856 diei
289 2779 482 2848 concessio.
523 2777 598 2848 Sed
612 2772 750 2844 &ostra
764 2773 895 2848 Noster
911 2775 1075 2867 opponit:
1100 2775 1288 2848 Donarem

175 3008 180 3018 Ι
199 2912 264 2982 tibi
280 2911 394 2995 diem,
425 2935 500 2982 non
516 2921 698 3003 tamquam
719 2931 799 2978 rem
809 2905 997 3002 megnam3
1031 2911 1097 2980 aed
1117 2933 1201 3000 cum
1222 2909 1287 2980 lux

200 3045 341 3134 alteru,
363 3069 434 3138 qua
447 3057 482 3114 te
499 3047 729 3137 incepturum
745 3043 992 3149 promittebas,
1017 3045 1130 3130 venit,
1154 3055 1191 3115 et
1213 3044 1285 3116 iam

199 3203 245 3251 ex
266 3181 329 3251 ilio
346 3205 425 3250 cras
440 3171 547 3251 lindie
569 3173 721 3265 sermm,
746 3201 832 3248 cras
854 3177 1065 3248 hestorum
1085 3201 1283 3274 consump-

198 3281 323 3400 aimus,¹
335 3315 370 3404 a)
394 3314 639 3404 perdidimus,
665 3313 764 3408 quod
777 3313 859 3385 heri
875 3312 1061 3387 dicebatur
1077 3316 1176 3402 cras,
1198 3323 1234 3382 et
1242 3323 1283 3382 tu
1330 3276 1336 3305 Ι

197 3513 490 3536 Μ

278 3643 451 3706 comitator
466 3663 601 3722 gemens.
634 3645 765 3706 Ducunt
777 3626 932 3710 volentem
951 3649 1024 3726 sata,
1043 3637 1198 3710 nolentem
1213 3655 1281 3705 tra-

277 3749 366 3812 hunt.
409 3749 572 3829 Maiusque
587 3749 706 3829 patiar,
725 3753 808 3830 quod
822 3753 886 3832 pati
900 3754 990 3816 licuit
1005 3755 1118 3816 bono.“
1158 3751 1283 3815 Laudat

275 3875 348 3929 eos,
371 3855 424 3916 aad
446 3855 570 3914 Senecas
590 3865 745 3934 tamqnam
766 3857 886 3918 auctori
910 3857 1071 3934 tribuens,
1091 3857 1283 3937 Augustinus

275 3960 314 4022 de
333 3960 400 4021 civ.
417 3958 479 4018 Dei
491 3961 520 4032 5,
538 3971 565 4027 8.
598 3960 724 4022 Grecos
737 3969 839 4021 autem
859 3961 960 4042 ipsius
976 3963 1136 4024 Cleanthis
1150 3984 1226 4038 esse,
1250 3973 1282 4022 et
1331 3960 1341 3968 “

210 4113 223 4134 ,
276 4055 396 4123 Seneca
421 4063 443 4122 1.
464 4061 516 4130 cit.
542 4071 574 4122 et
599 4061 781 4144 Simplicius
801 4053 1083 4138 incommutatio
1116 4069 1156 4130 ad
1176 4067 1281 4151 iocum

274 4165 411 4243 Epicteti
425 4167 590 4246 allegatum
607 4177 771 4232 testantur.

141 4355 149 4364 -
211 4311 242 4395 *)
275 4311 529 4395 &assumpsimus
542 4319 572 4380 h.
582 4321 602 4381 1.
616 4335 649 4385 et
662 4293 804 4405 sumptus
818 4324 847 4399 6,
857 4341 885 4400 7.
900 4335 1005 4404 empta
1015 4327 1044 4402 6,
1056 4347 1103 4388 20.
1113 4301 1279 4391 sermondo

271 4421 430 4500 sequimur
452 4425 542 4486 codd.
560 4428 697 4506 aliquot,
726 4441 756 4490 et
771 4429 999 4490 Grammaticos
1014 4432 1178 4510 antiquos,
1199 4449 1281 4508 quo-

271 4523 544 4622 rtthrisuiantts:
563 4532 663 4604 „Emo
678 4541 817 4612 emptum
837 4533 927 4610 iacit,
948 4521 1032 4614 quod
1047 4537 1118 4597 idco
1136 4555 1281 4614 atatimp·
