<?xml version="1.0" encoding="UTF-8"?>
<!DOCTYPE html PUBLIC "-//W3C//DTD XHTML 1.0 Transitional//EN"
    "http://www.w3.org/TR/xhtml1/DTD/xhtml1-transitional.dtd">
<html xmlns="http://www.w3.org/1999/xhtml" xml:lang="en" lang="en">
 <head>
  <title>
</title>
<meta http-equiv="Content-Type" content="text/html;charset=utf-8" />
  <meta name='ocr-system' content='tesseract 3.04.00' />
  <meta name='ocr-capabilities' content='ocr_page ocr_carea ocr_par ocr_line ocrx_word'/>
</head>
<body>
  <div class='ocr_page' id='page_1' title='image "./satir00persgoog_0556.png"; bbox 0 0 2938 5208; ppageno 0'>
   <div class='ocr_carea' id='block_1_1' title="bbox 266 427 940 528">
    <p class='ocr_par' dir='ltr' id='par_1_1' title="bbox 266 427 940 528">
     <span class='ocr_line' id='line_1_1' title="bbox 266 427 940 528; baseline -0.007 -31"><span class='ocrx_word' id='word_1_1' title='bbox 266 439 336 508; x_wconf 76' lang='lat' dir='ltr'><strong>55ss</strong></span> <span class='ocrx_word' id='word_1_2' title='bbox 668 447 755 496; x_wconf 70' lang='lat' dir='ltr'><strong>sarr.</strong></span> <span class='ocrx_word' id='word_1_3' title='bbox 777 447 858 528; x_wconf 67' lang='lat' dir='ltr'><strong>yn,</strong></span> <span class='ocrx_word' id='word_1_4' title='bbox 884 427 940 492; x_wconf 76' lang='lat'><strong>52.</strong></span> 
     </span>
    </p>
   </div>
   <div class='ocr_carea' id='block_1_2' title="bbox 267 639 1336 808">
    <p class='ocr_par' dir='ltr' id='par_1_2' title="bbox 267 639 1336 808">
     <span class='ocr_line' id='line_1_2' title="bbox 363 639 371 676; baseline 0 0"><span class='ocrx_word' id='word_1_5' title='bbox 363 639 371 676; x_wconf 91' lang='lat' dir='ltr'><strong>t</strong></span> 
     </span>
     <span class='ocr_line' id='line_1_3' title="bbox 267 697 1336 808; baseline -0.014 -25"><span class='ocrx_word' id='word_1_6' title='bbox 267 709 482 808; x_wconf 83' lang='lat' dir='ltr'><strong>praediolum</strong></span> <span class='ocrx_word' id='word_1_7' title='bbox 510 699 774 787; x_wconf 82' lang='lat' dir='ltr'><strong>suburbanum,</strong></span> <span class='ocrx_word' id='word_1_8' title='bbox 808 711 925 770; x_wconf 84' lang='lat' dir='ltr'><strong>tamen</strong></span> <span class='ocrx_word' id='word_1_9' title='bbox 957 697 1133 770; x_wconf 79' lang='lat' dir='ltr'><strong>heredem</strong></span> <span class='ocrx_word' id='word_1_10' title='bbox 1158 699 1336 768; x_wconf 79' lang='lat' dir='ltr'><strong>affuturum</strong></span> 
     </span>
    </p>
   </div>
   <div class='ocr_carea' id='block_1_3' title="bbox 156 817 1424 4290">
    <p class='ocr_par' dir='ltr' id='par_1_3' title="bbox 175 817 1338 1073">
     <span class='ocr_line' id='line_1_4' title="bbox 269 817 1338 930; baseline -0.016 -15"><span class='ocrx_word' id='word_1_11' title='bbox 269 817 383 916; x_wconf 75' lang='lat' dir='ltr'><strong>esse.“</strong></span> <span class='ocrx_word' id='word_1_12' title='bbox 404 841 540 930; x_wconf 86' lang='lat' dir='ltr'><strong>&#39;Quam</strong></span> <span class='ocrx_word' id='word_1_13' title='bbox 556 835 886 927; x_wconf 77' lang='lat' dir='ltr'><strong>interpretationem</strong></span> <span class='ocrx_word' id='word_1_14' title='bbox 903 833 1166 925; x_wconf 64' lang='lat' dir='ltr'><strong>praeferendam</strong></span> <span class='ocrx_word' id='word_1_15' title='bbox 1185 833 1338 916; x_wconf 79' lang='lat' dir='ltr'><strong>dicerent,</strong></span> 
     </span>
     <span class='ocr_line' id='line_1_5' title="bbox 175 941 1338 1073; baseline -0.015 -24"><span class='ocrx_word' id='word_1_16' title='bbox 175 965 181 982; x_wconf 77' lang='grc'><strong>’</strong></span> <span class='ocrx_word' id='word_1_17' title='bbox 270 980 300 1048; x_wconf 88' lang='lat' dir='ltr'><strong>si</strong></span> <span class='ocrx_word' id='word_1_18' title='bbox 313 941 455 1064; x_wconf 74' lang='lat' dir='ltr'><strong>„adeo“</strong></span> <span class='ocrx_word' id='word_1_19' title='bbox 469 994 558 1046; x_wconf 82' lang='lat' dir='ltr'><strong>vars</strong></span> <span class='ocrx_word' id='word_1_20' title='bbox 573 979 670 1052; x_wconf 80' lang='lat' dir='ltr'><strong>esset</strong></span> <span class='ocrx_word' id='word_1_21' title='bbox 681 967 798 1038; x_wconf 86' lang='lat' dir='ltr'><strong>lectio.</strong></span> <span class='ocrx_word' id='word_1_22' title='bbox 837 967 1045 1073; x_wconf 68' lang='lat' dir='ltr'><strong>Eroasatus</strong></span> <span class='ocrx_word' id='word_1_23' title='bbox 1061 969 1152 1063; x_wconf 59' lang='lat' dir='ltr'><strong>eger</strong></span> <span class='ocrx_word' id='word_1_24' title='bbox 1167 967 1274 1037; x_wconf 84' lang='lat' dir='ltr'><strong>iuxta</strong></span> <span class='ocrx_word' id='word_1_25' title='bbox 1289 977 1338 1034; x_wconf 80' lang='lat' dir='ltr'><strong>est.</strong></span> 
     </span>
    </p>

    <p class='ocr_par' dir='ltr' id='par_1_4' title="bbox 271 1101 1342 1201">
     <span class='ocr_line' id='line_1_6' title="bbox 271 1101 1342 1201; baseline -0.014 -20"><span class='ocrx_word' id='word_1_26' title='bbox 271 1109 392 1181; x_wconf 76' lang='lat' dir='ltr'><strong>Verba</strong></span> <span class='ocrx_word' id='word_1_27' title='bbox 403 1119 539 1201; x_wconf 85' lang='lat' dir='ltr'><strong>poetae,</strong></span> <span class='ocrx_word' id='word_1_28' title='bbox 561 1127 707 1174; x_wconf 76' lang='lat' dir='ltr'><strong>avarum</strong></span> <span class='ocrx_word' id='word_1_29' title='bbox 722 1112 902 1194; x_wconf 80' lang='lat' dir='ltr'><strong>tamquam</strong></span> <span class='ocrx_word' id='word_1_30' title='bbox 918 1111 1132 1196; x_wconf 70' lang='lat' dir='ltr'><strong>praesentem</strong></span> <span class='ocrx_word' id='word_1_31' title='bbox 1149 1101 1342 1192; x_wconf 83' lang='lat' dir='ltr'><strong>reprehen-</strong></span> 
     </span>
    </p>

    <p class='ocr_par' dir='ltr' id='par_1_5' title="bbox 272 1235 1344 1328">
     <span class='ocr_line' id='line_1_7' title="bbox 272 1235 1344 1328; baseline -0.012 -16"><span class='ocrx_word' id='word_1_32' title='bbox 272 1243 408 1312; x_wconf 83' lang='lat' dir='ltr'><strong>dentis:</strong></span> <span class='ocrx_word' id='word_1_33' title='bbox 432 1240 493 1328; x_wconf 89' lang='lat' dir='ltr'><strong>„Si</strong></span> <span class='ocrx_word' id='word_1_34' title='bbox 515 1237 571 1312; x_wconf 82' lang='lat' dir='ltr'><strong>vel</strong></span> <span class='ocrx_word' id='word_1_35' title='bbox 594 1237 749 1306; x_wconf 83' lang='lat' dir='ltr'><strong>maxime</strong></span> <span class='ocrx_word' id='word_1_36' title='bbox 773 1237 868 1304; x_wconf 81' lang='lat' dir='ltr'><strong>bona</strong></span> <span class='ocrx_word' id='word_1_37' title='bbox 884 1259 964 1305; x_wconf 84' lang='lat' dir='ltr'><strong>mea</strong></span> <span class='ocrx_word' id='word_1_38' title='bbox 980 1235 1170 1328; x_wconf 75' lang='lat' dir='ltr'><strong>largitione</strong></span> <span class='ocrx_word' id='word_1_39' title='bbox 1187 1235 1344 1304; x_wconf 88' lang='lat' dir='ltr'><strong>minnan-</strong></span> 
     </span>
    </p>

    <p class='ocr_par' dir='ltr' id='par_1_6' title="bbox 272 1365 1349 1595">
     <span class='ocr_line' id='line_1_8' title="bbox 272 1365 1346 1479; baseline -0.013 -33"><span class='ocrx_word' id='word_1_40' title='bbox 272 1389 334 1448; x_wconf 88' lang='lat' dir='ltr'><strong>tur</strong></span> <span class='ocrx_word' id='word_1_41' title='bbox 339 1425 353 1470; x_wconf 65' lang='lat'>2</span> <span class='ocrx_word' id='word_1_42' title='bbox 378 1383 542 1466; x_wconf 74' lang='lat' dir='ltr'><strong>superest</strong></span> <span class='ocrx_word' id='word_1_43' title='bbox 560 1369 649 1441; x_wconf 82' lang='lat' dir='ltr'><strong>milri</strong></span> <span class='ocrx_word' id='word_1_44' title='bbox 664 1369 841 1479; x_wconf 77' lang='lat' dir='ltr'><strong>prredium</strong></span> <span class='ocrx_word' id='word_1_45' title='bbox 856 1370 1119 1457; x_wconf 81' lang='lat' dir='ltr'><strong>srtburbannm,</strong></span> <span class='ocrx_word' id='word_1_46' title='bbox 1144 1367 1258 1462; x_wconf 89' lang='lat' dir='ltr'><strong>probe</strong></span> <span class='ocrx_word' id='word_1_47' title='bbox 1276 1365 1346 1434; x_wconf 83' lang='lat' dir='ltr'><strong>cul-</strong></span> 
     </span>
     <span class='ocr_line' id='line_1_9' title="bbox 273 1501 1349 1595; baseline -0.012 -17"><span class='ocrx_word' id='word_1_48' title='bbox 273 1520 368 1595; x_wconf 88' lang='lat' dir='ltr'><strong>tum,</strong></span> <span class='ocrx_word' id='word_1_49' title='bbox 401 1508 460 1577; x_wconf 89' lang='lat' dir='ltr'><strong>cui</strong></span> <span class='ocrx_word' id='word_1_50' title='bbox 492 1528 566 1576; x_wconf 87' lang='lat' dir='ltr'><strong>neu</strong></span> <span class='ocrx_word' id='word_1_51' title='bbox 595 1503 710 1574; x_wconf 87' lang='lat' dir='ltr'><strong>deerit</strong></span> <span class='ocrx_word' id='word_1_52' title='bbox 737 1501 854 1572; x_wconf 88' lang='lat' dir='ltr'><strong>heres.</strong></span> <span class='ocrx_word' id='word_1_53' title='bbox 913 1503 1137 1589; x_wconf 77' lang='lat' dir='ltr'><strong>Exossatus,</strong></span> <span class='ocrx_word' id='word_1_54' title='bbox 1168 1501 1349 1592; x_wconf 78' lang='lat' dir='ltr'><strong>lapidibus,</strong></span> 
     </span>
    </p>

    <p class='ocr_par' dir='ltr' id='par_1_7' title="bbox 275 1637 1420 1736">
     <span class='ocr_line' id='line_1_10' title="bbox 275 1637 1420 1736; baseline -0.013 -26"><span class='ocrx_word' id='word_1_55' title='bbox 275 1643 378 1734; x_wconf 83' lang='lat' dir='ltr'><strong>quasi</strong></span> <span class='ocrx_word' id='word_1_56' title='bbox 399 1652 509 1710; x_wconf 84' lang='lat' dir='ltr'><strong>terrae</strong></span> <span class='ocrx_word' id='word_1_57' title='bbox 527 1639 685 1724; x_wconf 84' lang='lat' dir='ltr'><strong>ossibus,</strong></span> <span class='ocrx_word' id='word_1_58' title='bbox 710 1647 893 1728; x_wconf 83' lang='lat' dir='ltr'><strong>purgatus.</strong></span> <span class='ocrx_word' id='word_1_59' title='bbox 946 1637 1124 1728; x_wconf 83' lang='lat' dir='ltr'><strong>„Lapides</strong></span> <span class='ocrx_word' id='word_1_60' title='bbox 1148 1647 1256 1705; x_wconf 85' lang='lat' dir='ltr'><strong>terrae</strong></span> <span class='ocrx_word' id='word_1_61' title='bbox 1281 1653 1350 1702; x_wconf 76' lang='lat' dir='ltr'><strong>oser</strong></span> <span class='ocrx_word' id='word_1_62' title='bbox 1419 1694 1420 1736; x_wconf 42' lang='lat'><strong>,</strong></span> 
     </span>
    </p>

    <p class='ocr_par' dir='ltr' id='par_1_8' title="bbox 204 1758 1424 2538">
     <span class='ocr_line' id='line_1_11' title="bbox 204 1758 1351 1868; baseline -0.009 -24"><span class='ocrx_word' id='word_1_63' title='bbox 204 1801 209 1812; x_wconf 93' lang='lat'>·</span> <span class='ocrx_word' id='word_1_64' title='bbox 276 1775 355 1868; x_wconf 80' lang='lat' dir='ltr'><strong>quie</strong></span> <span class='ocrx_word' id='word_1_65' title='bbox 370 1767 557 1842; x_wconf 82' lang='lat' dir='ltr'><strong>dixerit&#39;l“</strong></span> <span class='ocrx_word' id='word_1_66' title='bbox 607 1758 936 1858; x_wconf 81' lang='lat' dir='ltr'><strong>lta&#39;Ruhnkenius,</strong></span> <span class='ocrx_word' id='word_1_67' title='bbox 957 1769 1089 1843; x_wconf 77' lang='lat' dir='ltr'><strong>Anuot.</strong></span> <span class='ocrx_word' id='word_1_68' title='bbox 1108 1771 1151 1838; x_wconf 87' lang='lat' dir='ltr'><strong>ad</strong></span> <span class='ocrx_word' id='word_1_69' title='bbox 1166 1771 1351 1840; x_wconf 77' lang='lat' dir='ltr'><strong>Mureturn.</strong></span> 
     </span>
     <span class='ocr_line' id='line_1_12' title="bbox 274 1901 1424 2002; baseline -0.013 -22"><span class='ocrx_word' id='word_1_70' title='bbox 274 1906 322 1980; x_wconf 85' lang='lat' dir='ltr'><strong>At</strong></span> <span class='ocrx_word' id='word_1_71' title='bbox 338 1907 503 1978; x_wconf 84' lang='lat' dir='ltr'><strong>Muretus</strong></span> <span class='ocrx_word' id='word_1_72' title='bbox 520 1905 606 1977; x_wconf 86' lang='lat' dir='ltr'><strong>Var.</strong></span> <span class='ocrx_word' id='word_1_73' title='bbox 622 1902 721 1974; x_wconf 81' lang='lat' dir='ltr'><strong>L&#39;ect.</strong></span> <span class='ocrx_word' id='word_1_74' title='bbox 744 1926 799 1994; x_wconf 85' lang='grc' dir='ltr'><strong>ιο,</strong></span> <span class='ocrx_word' id='word_1_75' title='bbox 817 1926 849 1974; x_wconf 82' lang='lat' dir='ltr'><strong>s.</strong></span> <span class='ocrx_word' id='word_1_76' title='bbox 876 1903 997 1978; x_wconf 90' lang='lat' dir='ltr'><strong>locum</strong></span> <span class='ocrx_word' id='word_1_77' title='bbox 1019 1916 1183 1997; x_wconf 84' lang='lat' dir='ltr'><strong>spectans</strong></span> <span class='ocrx_word' id='word_1_78' title='bbox 1207 1901 1353 1974; x_wconf 83' lang='lat' dir='ltr'><strong>Ovidia-</strong></span> <span class='ocrx_word' id='word_1_79' title='bbox 1422 1914 1424 2002; x_wconf 40' lang='grc' dir='ltr'>ζ</span> 
     </span>
     <span class='ocr_line' id='line_1_13' title="bbox 277 2034 1358 2130; baseline -0.012 -18"><span class='ocrx_word' id='word_1_80' title='bbox 277 2065 364 2112; x_wconf 87' lang='lat' dir='ltr'><strong>num</strong></span> <span class='ocrx_word' id='word_1_81' title='bbox 382 2041 525 2112; x_wconf 78' lang='lat' dir='ltr'><strong>Metam.</strong></span> <span class='ocrx_word' id='word_1_82' title='bbox 545 2055 577 2125; x_wconf 82' lang='lat'><strong>1,</strong></span> <span class='ocrx_word' id='word_1_83' title='bbox 594 2037 676 2129; x_wconf 80' lang='lat'><strong>593.</strong></span> <span class='ocrx_word' id='word_1_84' title='bbox 700 2035 856 2130; x_wconf 83' lang='lat' dir='ltr'><strong>„Magna</strong></span> <span class='ocrx_word' id='word_1_85' title='bbox 868 2061 1000 2130; x_wconf 85' lang='lat' dir='ltr'><strong>parens</strong></span> <span class='ocrx_word' id='word_1_86' title='bbox 1016 2049 1116 2107; x_wconf 87' lang='lat' dir='ltr'><strong>terra</strong></span> <span class='ocrx_word' id='word_1_87' title='bbox 1130 2049 1201 2128; x_wconf 85' lang='lat' dir='ltr'><strong>est3</strong></span> <span class='ocrx_word' id='word_1_88' title='bbox 1226 2034 1358 2126; x_wconf 84' lang='lat' dir='ltr'><strong>lapides</strong></span> 
     </span>
     <span class='ocr_line' id='line_1_14' title="bbox 278 2167 1360 2266; baseline -0.008 -24"><span class='ocrx_word' id='word_1_89' title='bbox 278 2176 318 2244; x_wconf 91' lang='lat' dir='ltr'><strong>in</strong></span> <span class='ocrx_word' id='word_1_90' title='bbox 340 2195 495 2266; x_wconf 87' lang='lat' dir='ltr'><strong>corpore</strong></span> <span class='ocrx_word' id='word_1_91' title='bbox 517 2182 628 2242; x_wconf 82' lang='lat' dir='ltr'><strong>terrae</strong></span> <span class='ocrx_word' id='word_1_92' title='bbox 653 2169 744 2242; x_wconf 80' lang='lat' dir='ltr'><strong>Ossa</strong></span> <span class='ocrx_word' id='word_1_93' title='bbox 763 2195 852 2241; x_wconf 88' lang='lat' dir='ltr'><strong>reor</strong></span> <span class='ocrx_word' id='word_1_94' title='bbox 877 2173 985 2258; x_wconf 86' lang='lat' dir='ltr'><strong>dici,“</strong></span> <span class='ocrx_word' id='word_1_95' title='bbox 1004 2173 1180 2244; x_wconf 85' lang='lat' dir='ltr'><strong>rationem</strong></span> <span class='ocrx_word' id='word_1_96' title='bbox 1200 2167 1360 2240; x_wconf 83' lang='lat' dir='ltr'><strong>dictionis</strong></span> 
     </span>
     <span class='ocr_line' id='line_1_15' title="bbox 280 2303 1365 2398; baseline -0.007 -24"><span class='ocrx_word' id='word_1_97' title='bbox 280 2309 446 2376; x_wconf 81' lang='lat' dir='ltr'><strong>idoneam</strong></span> <span class='ocrx_word' id='word_1_98' title='bbox 460 2307 509 2374; x_wconf 80' lang='lat' dir='ltr'><strong>ita</strong></span> <span class='ocrx_word' id='word_1_99' title='bbox 522 2305 659 2382; x_wconf 77' lang='lat' dir='ltr'><strong>reddit:</strong></span> <span class='ocrx_word' id='word_1_100' title='bbox 679 2303 889 2396; x_wconf 82' lang='lat' dir='ltr'><strong>„Sapienter</strong></span> <span class='ocrx_word' id='word_1_101' title='bbox 902 2303 1365 2398; x_wconf 74' lang='lat' dir='ltr'><strong>interpretaturOvidinnns</strong></span> 
     </span>
     <span class='ocr_line' id='line_1_16' title="bbox 280 2434 1371 2538; baseline -0.01 -28"><span class='ocrx_word' id='word_1_102' title='bbox 280 2434 454 2510; x_wconf 87' lang='lat' dir='ltr'><strong>Deucalio</strong></span> <span class='ocrx_word' id='word_1_103' title='bbox 469 2447 600 2538; x_wconf 79' lang='lat' dir='ltr'><strong>sortem</strong></span> <span class='ocrx_word' id='word_1_104' title='bbox 617 2437 685 2506; x_wconf 86' lang='lat' dir='ltr'><strong>sibi</strong></span> <span class='ocrx_word' id='word_1_105' title='bbox 700 2461 722 2506; x_wconf 84' lang='lat' dir='ltr'><strong>a</strong></span> <span class='ocrx_word' id='word_1_106' title='bbox 740 2436 916 2507; x_wconf 82' lang='lat' dir='ltr'><strong>&#39;llremidc</strong></span> <span class='ocrx_word' id='word_1_107' title='bbox 933 2441 1065 2525; x_wconf 84' lang='lat' dir='ltr'><strong>datum,</strong></span> <span class='ocrx_word' id='word_1_108' title='bbox 1080 2439 1265 2531; x_wconf 70' lang='lat' dir='ltr'><strong>quaerenti,</strong></span> <span class='ocrx_word' id='word_1_109' title='bbox 1292 2457 1371 2526; x_wconf 87' lang='lat' dir='ltr'><strong>qua</strong></span> 
     </span>
    </p>

    <p class='ocr_par' dir='ltr' id='par_1_9' title="bbox 156 2565 1374 2812">
     <span class='ocr_line' id='line_1_17' title="bbox 156 2565 1371 2664; baseline -0.007 -23"><span class='ocrx_word' id='word_1_110' title='bbox 156 2565 168 2580; x_wconf 84' lang='grc'><em>“</em></span> <span class='ocrx_word' id='word_1_111' title='bbox 281 2581 358 2641; x_wconf 86' lang='lat' dir='ltr'><strong>arte</strong></span> <span class='ocrx_word' id='word_1_112' title='bbox 370 2567 686 2664; x_wconf 55' lang='lat' dir='ltr'><strong>genusltununum</strong></span> <span class='ocrx_word' id='word_1_113' title='bbox 704 2573 806 2664; x_wconf 84' lang='lat' dir='ltr'><strong>aquis</strong></span> <span class='ocrx_word' id='word_1_114' title='bbox 822 2571 1031 2640; x_wconf 81' lang='lat' dir='ltr'><strong>exstinctum</strong></span> <span class='ocrx_word' id='word_1_115' title='bbox 1046 2593 1214 2664; x_wconf 85' lang='lat' dir='ltr'><strong>reparare</strong></span> <span class='ocrx_word' id='word_1_116' title='bbox 1221 2579 1371 2660; x_wconf 78' lang='lat' dir='ltr'><strong>posset:</strong></span> 
     </span>
     <span class='ocr_line' id='line_1_18' title="bbox 187 2703 1374 2812; baseline -0.004 -38"><span class='ocrx_word' id='word_1_117' title='bbox 187 2807 191 2812; x_wconf 27' lang='grc' dir='ltr'>Ι</span> <span class='ocrx_word' id='word_1_118' title='bbox 282 2704 346 2796; x_wconf 87' lang='lat' dir='ltr'><strong>qui</strong></span> <span class='ocrx_word' id='word_1_119' title='bbox 358 2703 475 2777; x_wconf 75' lang='lat' dir='ltr'><strong>iussus</strong></span> <span class='ocrx_word' id='word_1_120' title='bbox 493 2725 573 2774; x_wconf 74' lang='lat' dir='ltr'><strong>ossa</strong></span> <span class='ocrx_word' id='word_1_121' title='bbox 586 2727 724 2800; x_wconf 84' lang='lat' dir='ltr'><strong>maguae</strong></span> <span class='ocrx_word' id='word_1_122' title='bbox 739 2705 863 2777; x_wconf 83' lang='lat' dir='ltr'><strong>matris</strong></span> <span class='ocrx_word' id='word_1_123' title='bbox 879 2717 959 2798; x_wconf 89' lang='lat' dir='ltr'><strong>post</strong></span> <span class='ocrx_word' id='word_1_124' title='bbox 972 2717 1113 2798; x_wconf 86' lang='lat' dir='ltr'><strong>tergum</strong></span> <span class='ocrx_word' id='word_1_125' title='bbox 1131 2707 1260 2789; x_wconf 83' lang='lat' dir='ltr'><strong>iacere,</strong></span> <span class='ocrx_word' id='word_1_126' title='bbox 1285 2726 1374 2770; x_wconf 83' lang='lat' dir='ltr'><strong>ma·-</strong></span> 
     </span>
    </p>

    <p class='ocr_par' dir='ltr' id='par_1_10' title="bbox 240 2837 1382 3336">
     <span class='ocr_line' id='line_1_19' title="bbox 240 2837 1377 2930; baseline -0.007 -20"><span class='ocrx_word' id='word_1_127' title='bbox 240 2899 242 2910; x_wconf 31' lang='lat'><em>1</em></span> <span class='ocrx_word' id='word_1_128' title='bbox 283 2839 350 2908; x_wconf 83' lang='lat' dir='ltr'><strong>tris</strong></span> <span class='ocrx_word' id='word_1_129' title='bbox 372 2837 517 2908; x_wconf 85' lang='lat' dir='ltr'><strong>nominc</strong></span> <span class='ocrx_word' id='word_1_130' title='bbox 537 2848 673 2914; x_wconf 82' lang='lat' dir='ltr'><strong>terrem</strong></span> <span class='ocrx_word' id='word_1_131' title='bbox 694 2839 886 2927; x_wconf 80' lang='lat' dir='ltr'><strong>intellexit,</strong></span> <span class='ocrx_word' id='word_1_132' title='bbox 927 2839 1029 2910; x_wconf 82' lang='lat' dir='ltr'><strong>cuius</strong></span> <span class='ocrx_word' id='word_1_133' title='bbox 1053 2839 1089 2910; x_wconf 89' lang='lat' dir='ltr'><strong>in</strong></span> <span class='ocrx_word' id='word_1_134' title='bbox 1115 2861 1267 2930; x_wconf 89' lang='lat' dir='ltr'><strong>corpore</strong></span> <span class='ocrx_word' id='word_1_135' title='bbox 1289 2859 1377 2904; x_wconf 88' lang='lat' dir='ltr'><strong>ossa</strong></span> 
     </span>
     <span class='ocr_line' id='line_1_20' title="bbox 284 2971 1375 3067; baseline 0 -27"><span class='ocrx_word' id='word_1_136' title='bbox 284 2971 422 3063; x_wconf 83' lang='lat' dir='ltr'><strong>lapides</strong></span> <span class='ocrx_word' id='word_1_137' title='bbox 437 2984 663 3045; x_wconf 80' lang='lat' dir='ltr'><strong>vocarentur.</strong></span> <span class='ocrx_word' id='word_1_138' title='bbox 699 2972 815 3066; x_wconf 81' lang='lat' dir='ltr'><strong>Atque</strong></span> <span class='ocrx_word' id='word_1_139' title='bbox 830 2975 1001 3067; x_wconf 80' lang='lat' dir='ltr'><strong>equidem</strong></span> <span class='ocrx_word' id='word_1_140' title='bbox 1012 2976 1187 3058; x_wconf 83' lang='lat' dir='ltr'><strong>existimo,</strong></span> <span class='ocrx_word' id='word_1_141' title='bbox 1202 2974 1375 3064; x_wconf 86' lang='lat' dir='ltr'><strong>ingenio-</strong></span> 
     </span>
     <span class='ocr_line' id='line_1_21' title="bbox 286 3075 1376 3202; baseline 0 -28"><span class='ocrx_word' id='word_1_142' title='bbox 286 3106 464 3178; x_wconf 88' lang='lat' dir='ltr'><strong>sissimum</strong></span> <span class='ocrx_word' id='word_1_143' title='bbox 488 3093 634 3202; x_wconf 83' lang='lat' dir='ltr'><strong>poetam</strong></span> <span class='ocrx_word' id='word_1_144' title='bbox 655 3107 778 3180; x_wconf 89' lang='lat' dir='ltr'><strong>inille</strong></span> <span class='ocrx_word' id='word_1_145' title='bbox 803 3075 979 3200; x_wconf 79' lang='lat' dir='ltr'><strong>response</strong></span> <span class='ocrx_word' id='word_1_146' title='bbox 992 3109 1248 3202; x_wconf 85' lang='lat' dir='ltr'><strong>confingendo,</strong></span> <span class='ocrx_word' id='word_1_147' title='bbox 1274 3109 1376 3200; x_wconf 89' lang='lat' dir='ltr'><strong>qund</strong></span> 
     </span>
     <span class='ocr_line' id='line_1_22' title="bbox 285 3243 1382 3336; baseline -0.001 -27"><span class='ocrx_word' id='word_1_148' title='bbox 285 3251 420 3310; x_wconf 86' lang='lat' dir='ltr'><strong>terram</strong></span> <span class='ocrx_word' id='word_1_149' title='bbox 436 3244 581 3334; x_wconf 86' lang='lat' dir='ltr'><strong>quidem</strong></span> <span class='ocrx_word' id='word_1_150' title='bbox 597 3253 750 3314; x_wconf 83' lang='lat' dir='ltr'><strong>matrem</strong></span> <span class='ocrx_word' id='word_1_151' title='bbox 767 3245 924 3332; x_wconf 80' lang='lat' dir='ltr'><strong>vocavit,</strong></span> <span class='ocrx_word' id='word_1_152' title='bbox 947 3245 1140 3336; x_wconf 78' lang='lat' dir='ltr'><strong>sumpsisse</strong></span> <span class='ocrx_word' id='word_1_153' title='bbox 1159 3267 1205 3314; x_wconf 83' lang='lat' dir='ltr'><strong>cx</strong></span> <span class='ocrx_word' id='word_1_154' title='bbox 1221 3243 1382 3312; x_wconf 82' lang='lat' dir='ltr'><strong>historin</strong></span> 
     </span>
    </p>

    <p class='ocr_par' dir='ltr' id='par_1_11' title="bbox 201 3351 1401 4290">
     <span class='ocr_line' id='line_1_23' title="bbox 201 3351 1382 3470; baseline -0.001 -28"><span class='ocrx_word' id='word_1_155' title='bbox 201 3351 205 3358; x_wconf 34' lang='lat'><strong>¹</strong></span> <span class='ocrx_word' id='word_1_156' title='bbox 289 3375 473 3458; x_wconf 85' lang='lat' dir='ltr'><strong>Romana,</strong></span> <span class='ocrx_word' id='word_1_157' title='bbox 506 3377 585 3463; x_wconf 89' lang='lat' dir='ltr'><strong>ubi,</strong></span> <span class='ocrx_word' id='word_1_158' title='bbox 618 3401 699 3446; x_wconf 89' lang='lat' dir='ltr'><strong>cum</strong></span> <span class='ocrx_word' id='word_1_159' title='bbox 722 3377 832 3470; x_wconf 81' lang='lat' dir='ltr'><strong>regiis</strong></span> <span class='ocrx_word' id='word_1_160' title='bbox 852 3379 1134 3448; x_wconf 81' lang='lat' dir='ltr'><strong>adolescentibus</strong></span> <span class='ocrx_word' id='word_1_161' title='bbox 1158 3397 1382 3468; x_wconf 84' lang='lat' dir='ltr'><strong>responsum</strong></span> 
     </span>
     <span class='ocr_line' id='line_1_24' title="bbox 290 3503 1382 3604; baseline 0.001 -28"><span class='ocrx_word' id='word_1_162' title='bbox 290 3519 398 3593; x_wconf 89' lang='lat' dir='ltr'><strong>csset,</strong></span> <span class='ocrx_word' id='word_1_163' title='bbox 425 3531 506 3577; x_wconf 91' lang='lat' dir='ltr'><strong>eum</strong></span> <span class='ocrx_word' id='word_1_164' title='bbox 523 3521 756 3602; x_wconf 80' lang='lat' dir='ltr'><strong>regnaturum</strong></span> <span class='ocrx_word' id='word_1_165' title='bbox 773 3503 919 3598; x_wconf 75' lang='lat' dir='ltr'><strong>Romae,</strong></span> <span class='ocrx_word' id='word_1_166' title='bbox 942 3513 1002 3604; x_wconf 90' lang='lat' dir='ltr'><strong>qui</strong></span> <span class='ocrx_word' id='word_1_167' title='bbox 1028 3513 1164 3603; x_wconf 89' lang='lat' dir='ltr'><strong>primus</strong></span> <span class='ocrx_word' id='word_1_168' title='bbox 1180 3511 1284 3580; x_wconf 88' lang='lat' dir='ltr'><strong>matri</strong></span> <span class='ocrx_word' id='word_1_169' title='bbox 1306 3535 1382 3578; x_wconf 90' lang='lat' dir='ltr'><strong>os-</strong></span> 
     </span>
     <span class='ocr_line' id='line_1_25' title="bbox 291 3638 1388 3739; baseline 0.003 -31"><span class='ocrx_word' id='word_1_170' title='bbox 291 3638 413 3708; x_wconf 90' lang='lat' dir='ltr'><strong>culum</strong></span> <span class='ocrx_word' id='word_1_171' title='bbox 432 3641 585 3728; x_wconf 68' lang='lat' dir='ltr'><strong>tulisset,</strong></span> <span class='ocrx_word' id='word_1_172' title='bbox 622 3645 755 3714; x_wconf 89' lang='lat' dir='ltr'><strong>Brutus</strong></span> <span class='ocrx_word' id='word_1_173' title='bbox 773 3643 823 3731; x_wconf 89' lang='lat' dir='ltr'><strong>is,</strong></span> <span class='ocrx_word' id='word_1_174' title='bbox 862 3647 924 3736; x_wconf 86' lang='lat' dir='ltr'><strong>qni</strong></span> <span class='ocrx_word' id='word_1_175' title='bbox 947 3669 1050 3738; x_wconf 86' lang='lat' dir='ltr'><strong>reges</strong></span> <span class='ocrx_word' id='word_1_176' title='bbox 1072 3648 1207 3739; x_wconf 80' lang='lat' dir='ltr'><strong>exegit,</strong></span> <span class='ocrx_word' id='word_1_177' title='bbox 1246 3643 1388 3715; x_wconf 82' lang='lat' dir='ltr'><strong>erravi</strong></span> 
     </span>
     <span class='ocr_line' id='line_1_26' title="bbox 291 3775 1391 3864; baseline -0.002 -18"><span class='ocrx_word' id='word_1_178' title='bbox 291 3776 432 3863; x_wconf 84' lang='lat' dir='ltr'><strong>exiens,</strong></span> <span class='ocrx_word' id='word_1_179' title='bbox 458 3775 623 3848; x_wconf 87' lang='lat' dir='ltr'><strong>simulato</strong></span> <span class='ocrx_word' id='word_1_180' title='bbox 649 3803 751 3864; x_wconf 84' lang='lat' dir='ltr'><strong>casu,</strong></span> <span class='ocrx_word' id='word_1_181' title='bbox 773 3789 910 3854; x_wconf 84' lang='lat' dir='ltr'><strong>terram</strong></span> <span class='ocrx_word' id='word_1_182' title='bbox 934 3781 1109 3850; x_wconf 84' lang='lat' dir='ltr'><strong>esculatus</strong></span> <span class='ocrx_word' id='word_1_183' title='bbox 1132 3803 1210 3850; x_wconf 87' lang='lat' dir='ltr'><strong>csse</strong></span> <span class='ocrx_word' id='word_1_184' title='bbox 1224 3779 1391 3854; x_wconf 84' lang='lat' dir='ltr'><strong>dicitur:</strong></span> 
     </span>
     <span class='ocr_line' id='line_1_27' title="bbox 292 3909 1393 4002; baseline 0.004 -26"><span class='ocrx_word' id='word_1_185' title='bbox 292 3909 389 3998; x_wconf 87' lang='lat' dir='ltr'><strong>quod</strong></span> <span class='ocrx_word' id='word_1_186' title='bbox 415 3919 534 3983; x_wconf 84' lang='lat' dir='ltr'><strong>autem</strong></span> <span class='ocrx_word' id='word_1_187' title='bbox 556 3909 712 4002; x_wconf 83' lang='lat' dir='ltr'><strong>lapides,</strong></span> <span class='ocrx_word' id='word_1_188' title='bbox 730 3923 840 3981; x_wconf 80' lang='lat' dir='ltr'><strong>terrac</strong></span> <span class='ocrx_word' id='word_1_189' title='bbox 856 3938 956 4000; x_wconf 86' lang='lat' dir='ltr'><strong>ossa,</strong></span> <span class='ocrx_word' id='word_1_190' title='bbox 980 3925 1140 3988; x_wconf 86' lang='lat' dir='ltr'><strong>secutum</strong></span> <span class='ocrx_word' id='word_1_191' title='bbox 1154 3937 1232 3988; x_wconf 85' lang='lat' dir='ltr'><strong>csse</strong></span> <span class='ocrx_word' id='word_1_192' title='bbox 1247 3923 1393 3984; x_wconf 85' lang='lat' dir='ltr'><strong>aucto-</strong></span> 
     </span>
     <span class='ocr_line' id='line_1_28' title="bbox 293 4041 1398 4140; baseline 0.006 -34"><span class='ocrx_word' id='word_1_193' title='bbox 293 4041 436 4118; x_wconf 86' lang='lat' dir='ltr'><strong>ritatem</strong></span> <span class='ocrx_word' id='word_1_194' title='bbox 450 4045 582 4118; x_wconf 78' lang='lat' dir='ltr'><strong>veteris</strong></span> <span class='ocrx_word' id='word_1_195' title='bbox 597 4045 742 4140; x_wconf 78' lang='lat' dir='ltr'><strong>tragici,</strong></span> <span class='ocrx_word' id='word_1_196' title='bbox 775 4047 836 4138; x_wconf 85' lang='lat' dir='ltr'><strong>qui</strong></span> <span class='ocrx_word' id='word_1_197' title='bbox 851 4057 887 4116; x_wconf 91' lang='lat' dir='ltr'><strong>et</strong></span> <span class='ocrx_word' id='word_1_198' title='bbox 902 4047 980 4140; x_wconf 79' lang='lat' dir='ltr'><strong>ipae</strong></span> <span class='ocrx_word' id='word_1_199' title='bbox 994 4047 1075 4120; x_wconf 86' lang='lat' dir='ltr'><strong>illos</strong></span> <span class='ocrx_word' id='word_1_200' title='bbox 1089 4049 1214 4118; x_wconf 85' lang='lat' dir='ltr'><strong>eodem</strong></span> <span class='ocrx_word' id='word_1_201' title='bbox 1229 4047 1398 4120; x_wconf 85' lang='lat' dir='ltr'><strong>nomine</strong></span> 
     </span>
     <span class='ocr_line' id='line_1_29' title="bbox 295 4157 1401 4290; baseline 0.009 -52"><span class='ocrx_word' id='word_1_202' title='bbox 295 4157 471 4271; x_wconf 77' lang='lat' dir='ltr'><strong>affecerat.</strong></span> <span class='ocrx_word' id='word_1_203' title='bbox 523 4179 687 4248; x_wconf 74' lang='lat' dir='ltr'><strong>(litentur</strong></span> <span class='ocrx_word' id='word_1_204' title='bbox 713 4179 809 4251; x_wconf 86' lang='lat' dir='ltr'><strong>enim</strong></span> <span class='ocrx_word' id='word_1_205' title='bbox 836 4181 915 4251; x_wconf 83' lang='lat' dir='ltr'><strong>haec</strong></span> <span class='ocrx_word' id='word_1_206' title='bbox 938 4207 960 4250; x_wconf 86' lang='lat' dir='ltr'><strong>a</strong></span> <span class='ocrx_word' id='word_1_207' title='bbox 975 4192 1098 4256; x_wconf 77' lang='lat' dir='ltr'><strong>vetere</strong></span> <span class='ocrx_word' id='word_1_208' title='bbox 1116 4183 1401 4290; x_wconf 81' lang='lat' dir='ltr'><strong>Grammatico:</strong></span> 
     </span>
    </p>
   </div>
   <div class='ocr_carea' id='block_1_4' title="bbox 295 4313 1402 4408">
    <p class='ocr_par' dir='ltr' id='par_1_12' title="bbox 295 4313 1402 4408">
     <span class='ocr_line' id='line_1_30' title="bbox 295 4313 1402 4408; baseline 0.011 -38"><span class='ocrx_word' id='word_1_209' title='bbox 295 4323 360 4388; x_wconf 75' lang='grc' dir='ltr'><strong>Γησ</strong></span> <span class='ocrx_word' id='word_1_210' title='bbox 379 4313 533 4376; x_wconf 74' lang='lat' dir='ltr'><strong>c’sr&#39;osrsr</strong></span> <span class='ocrx_word' id='word_1_211' title='bbox 551 4324 788 4396; x_wconf 70' lang='grc' dir='ltr'><strong>ἐγχριμφθεις</strong></span> <span class='ocrx_word' id='word_1_212' title='bbox 805 4325 890 4383; x_wconf 76' lang='lat' dir='ltr'><strong>arada</strong></span> <span class='ocrx_word' id='word_1_213' title='bbox 913 4321 957 4388; x_wconf 84' lang='lat' dir='ltr'><strong>de</strong></span> <span class='ocrx_word' id='word_1_214' title='bbox 980 4341 1045 4403; x_wconf 82' lang='lat' dir='ltr'><strong>e0,</strong></span> <span class='ocrx_word' id='word_1_215' title='bbox 1069 4317 1131 4408; x_wconf 84' lang='lat' dir='ltr'><strong>qul</strong></span> <span class='ocrx_word' id='word_1_216' title='bbox 1155 4316 1201 4384; x_wconf 77' lang='lat' dir='ltr'><strong>ad</strong></span> <span class='ocrx_word' id='word_1_217' title='bbox 1224 4315 1402 4406; x_wconf 73' lang='lat' dir='ltr'><strong>lapidem</strong></span> 
     </span>
    </p>
   </div>
   <div class='ocr_carea' id='block_1_5' title="bbox 188 4439 1406 4556">
    <p class='ocr_par' dir='ltr' id='par_1_13' title="bbox 188 4439 1406 4556">
     <span class='ocr_line' id='line_1_31' title="bbox 188 4439 1406 4556; baseline 0.01 -50"><span class='ocrx_word' id='word_1_218' title='bbox 188 4539 195 4556; x_wconf 55' lang='lat'><strong>,</strong></span> <span class='ocrx_word' id='word_1_219' title='bbox 297 4439 508 4514; x_wconf 77' lang='lat' dir='ltr'><strong>offendisset.</strong></span> <span class='ocrx_word' id='word_1_220' title='bbox 535 4445 593 4518; x_wconf 84' lang='lat' dir='ltr'><strong>Sic</strong></span> <span class='ocrx_word' id='word_1_221' title='bbox 607 4459 726 4522; x_wconf 83' lang='lat' dir='ltr'><strong>eutem</strong></span> <span class='ocrx_word' id='word_1_222' title='bbox 743 4461 778 4522; x_wconf 81' lang='lat' dir='ltr'><strong>et</strong></span> <span class='ocrx_word' id='word_1_223' title='bbox 791 4451 1406 4546; x_wconf 76' lang='lat' dir='ltr'><strong>,‚sauguinemte1·rae“Aristoteles</strong></span> 
     </span>
    </p>
   </div>
   <div class='ocr_carea' id='block_1_6' title="bbox 0 0 1509 5204">
    <p class='ocr_par' dir='ltr' id='par_1_14' title="bbox 0 0 1509 5204">
     <span class='ocr_line' id='line_1_32' title="bbox 0 0 1509 5204; baseline 0 0"><span class='ocrx_word' id='word_1_224' title='bbox 0 0 1509 5204; x_wconf 95' lang='lat' dir='ltr'><strong> </strong></span> 
     </span>
    </p>
   </div>
  </div>
 </body>
</html>
