2984 5204
479 479 568 531 sar.
592 479 645 547 v,
672 461 752 532 184.
774 465 853 532 185.
1148 473 1222 561 ⁴79

130 741 177 835 96
203 763 253 832 sq.
281 735 344 808 ubi
366 747 532 828 parentes
553 735 739 812 Romanos
761 735 888 808 liberis
908 684 1062 831 Iudaicae
1086 763 1219 838 super-

129 874 283 946 stitionis
299 882 464 944 auctores
480 873 726 964 reprehendit,
752 873 881 944 eodem
896 874 1011 946 utitur
1027 877 1219 985 vocabulo:

130 1011 312 1100 „Quidam
336 1007 453 1078 sortiti
478 1018 697 1108 metuentem
722 1007 867 1080 sabbata
880 1017 1068 1102 patrem..
1094 1013 1222 1084 Iudai-

131 1167 214 1216 cum
238 1141 403 1214 ediscunt
426 1152 462 1212 et
475 1152 620 1232 serrant
634 1167 676 1214 ac
692 1153 857 1214 metuunt
869 1145 947 1233 ius,
972 1145 1141 1220 Tradidit
1155 1172 1236 1224 ar-.

53 1268 60 1285 ¹
132 1303 224 1350 cano
240 1279 492 1374 quodcumque
507 1277 693 1350 volumine
710 1277 865 1348 Moses“
914 1277 1059 1352 Etcum
1074 1307 1147 1356 non
1161 1297 1222 1356 te·

131 1432 234 1486 mere
256 1384 522 1500 existimabant,
550 1413 587 1482 in
606 1435 652 1484 eo
673 1411 821 1482 differre
842 1412 1010 1504 pietatem
1031 1425 1068 1486 et
1087 1439 1223 1510 super-

120 1511 333 1635 ”sadonem
358 1515 456 1640 pund
479 1547 556 1616 hoec
570 1558 668 1618 metu
684 1513 820 1634 alatur,
844 1543 909 1616 illa
931 1539 1055 1637 secus}
1074 1561 1116 1622 ut
1133 1577 1223 1625 vere

133 1685 224 1754 dixit
237 1683 443 1755 Platonicus
460 1681 640 1753 Maximus
656 1682 814 1776 Tyrius,
827 1681 859 1772 a)
882 1693 992 1757 totam
1008 1685 1223 1780 religionem

131 1817 332 1906 Iudaicam,
357 1817 425 1888 sibi
440 1817 550 1888 modo
566 1840 612 1888 ex
626 1827 732 1908 parte
749 1825 845 1885 etex
858 1819 1076 1891 caerimoniis
1089 1833 1223 1912 notam,

131 1953 397 2046 superstitionis
420 1951 567 2022 nomine
588 1950 769 2026 notabant.
820 1948 952 2022 Labra
975 1949 1108 2026 moces*
1123 1959 1226 2028 tact-

133 2101 214 2174 tus,
239 2087 447 2180 frequentas
469 2086 675 2156 ludaeorum
694 2085 912 2176 proseuchas
935 2085 1032 2172 (loca
1053 2069 1227 2182 precibus

132 2227 251 2306 sacra)
276 2232 313 2291 et
334 2245 417 2292 cum
432 2219 520 2314 ipsis
534 2219 763 2312 precationes
777 2219 1039 2294 demurmuras.
1093 2227 1223 2298 Recu-

132 2358 209 2427 tita
232 2379 303 2450 pro
322 2356 569 2426 recutitorum.
629 2351 844 2422 Circumcisi
874 2355 985 2427 Indaei
1009 2381 1055 2430 eo
1077 2362 1225 2434 nomine

55 2513 59 2520 ·
129 2491 283 2562 infames
307 2489 483 2562 Romanis
506 2497 630 2575 erant,
655 2499 693 2558 et
710 2509 779 2580 per
794 2491 1049 2564 contumeliam
1067 2495 1225 2584 recutiti,

129 2629 265 2698 nudata
289 2627 437 2719 glande,
462 2623 584 2714 verpi,
610 2621 736 2713 apellae
758 2623 987 2694 vocabantur.
1013 2627 1169 2697 Martial.
1189 2655 1225 2722 7,

133 2783 194 2851 ap,
209 2765 244 2829 5.
271 2784 305 2852 7,
321 2763 380 2847 81,
397 2757 434 2826 6.
461 2779 518 2842 rr,
534 2756 594 2846 95,
612 2773 644 2822 a.
671 2753 766 2823 Hor.
781 2753 851 2824 Sat
871 2777 902 2844 r,
919 2757 953 2847 5,
972 2779 1051 2828 roo.
1076 2761 1223 2832 Patron.
1258 2779 1262 2800 ·

133 2895 193 2964 68.
245 2893 297 2963 lia
327 2899 441 2970 unias
466 2899 503 2958 ct
527 2895 808 2970 ἆπιιγωὶημενοσ
832 2889 960 2960 eodem
991 2913 1099 2964 sensu
1128 2895 1225 2986 apud

133 3025 420 3117 Aristophanem.
464 3021 545 3095 Alia
558 3021 806 3094 Romanorum
822 3023 866 3093 de
879 3025 1010 3096 ludoeis
1022 3049 1225 3122 eorumque

133 3183 218 3231 suos
241 3161 332 3230 ritus
355 3155 582 3252 propagandi
606 3156 726 3226 studio
744 3157 873 3226 acerba
888 3157 1114 3234 indiciavide
1127 3161 1223 3234 Hor.

133 3295 205 3366 Sat.
223 3299 307 3382 1‚4,
327 3295 407 3365 143.
430 3317 461 3379 1,
479 3317 514 3386 9,
533 3291 592 3384 69.
615 3291 721 3364 Ovid.
739 3291 887 3362 Remed.
908 3291 984 3365 Am.
1005 3313 1086 3390 219.
1112 3296 1227 3370 turc-

134 3429 206 3500 nal
226 3433 259 3522 5,
280 3431 335 3502 14.
354 3429 436 3523 996.
458 3429 695 3518 6,158.541.
721 3427 877 3499 Martial.
898 3431 933 3517 4,
950 3429 985 3522 5,
1004 3453 1036 3518 7.
1062 3481 1074 3509 .
1190 3427 1195 3452 “

213 3639 292 3709 185.
352 3635 472 3724 Tunc,
497 3635 589 3738 adde
604 3633 727 3704 inania
742 3631 804 3706 illa
819 3633 1123 3722 terriculamenta,
1146 3657 1227 3728 quas

25 3817 28 3826 =
79 3803 84 3818 ·
135 3771 394 3862 superstitiosis
416 3769 652 3858 obiiciantur,
683 3769 804 3864 qualia
825 3779 908 3840 sunt
930 3765 1000 3846 &a
1033 3771 1132 3840 Bene
1155 3781 1225 3841 ret.

135 3901 273 3972 schot:
302 3903 408 3990 „Non
424 3903 510 3974 dicit
532 3915 636 3991 tunc,
661 3927 743 3974 cum
758 3903 851 3974 hanc
867 3903 1078 3995 religionem
1096 3902 1227 3974 obser-

135 4059 210 4125 vas,
226 4038 368 4108 sedhoc
378 4039 481 4109 dicit:
507 4037 793 4132 diversigeneris
803 4037 1008 4128 superstitio
1023 4047 1058 4107 tc
1073 4042 1227 4110 versat“

135 4171 303 4246 Attamen
327 4173 449 4246 nescio
471 4197 517 4244 an
533 4171 602 4244 hoc
616 4185 651 4245 et
666 4197 765 4268 sequ.
784 4173 866 4242 loco
881 4171 1001 4265 potius
1015 4175 1139 4262 „tum“
1152 4198 1226 4268 po-

155 4441 182 4508 ‘)
209 4439 225 4494 ὅ
239 4439 357 4588 gaspar
381 4441 488 4514 tegam
512 4457 575 4514 sper
596 4459 642 4497 res
665 4400 816 4498 decesisse
838 4435 909 4508 irat.
943 4436 1144 4514 dirissimum
1159 4461 1227 4514 pera
1278 4417 1286 4432 .

204 4549 238 4585 no
270 4549 285 4585 a
322 4548 372 4589 aar.
