3052 5202
303 518 407 592 180'·
540 561 542 566 -
714 537 802 591 sur.
833 541 890 610 n,
918 521 951 590 3.

297 799 331 886 4,
349 799 383 886 5,
401 791 462 891 19.Ι
476 791 627 868 Merum
642 796 676 867 ei
693 795 957 874 effundebatur.
986 797 1108 868 Tibul.
1128 821 1158 887 1,
1178 823 1211 890 7,
1228 799 1286 890 49.
1306 821 1337 887 s,
1353 801 1384 888 3,
1409 859 1412 868 .

297 933 393 1003 5-8.
445 919 639 1024 „Floribus
664 941 701 1002 et
721 929 807 1007 vino
822 933 970 1026 piabant
984 931 1161 1020 Genium,
1187 955 1384 1032 memorem

294 1068 415 1141 brevis
431 1066 536 1138 sevi.“
559 1063 653 1134 Hor.
671 1065 738 1158 Ep.
763 1087 797 1156 2,
825 1071 959 1157 1,144.
984 1067 1125 1153 brevis,
1150 1089 1260 1158 quarn
1273 1055 1381 1137 homo¹

294 1200 479 1292 transigit,
504 1169 617 1270 aetntis
641 1223 843 1272 memorem
868 1201 1070 1288 custodem,
1103 1211 1138 1270 et
1164 1199 1285 1294 gaudii
1301 1200 1384 1270 inde

294 1335 525 1429 percipiendi
539 1311 772 1411 hortetorenu
829 1337 885 1408 Ad
908 1339 1162 1430 quaestionem,
1188 1357 1255 1405 cur
1276 1359 1383 1421 mero,

294 1469 506 1558 nonhostir,
526 1470 684 1541 Genium
697 1479 836 1541 veteres
843 1469 1079 1560 placaverint,
1099 1471 1220 1542 Varro
1230 1468 1270 1538 in
1279 1467 1384 1554 libro,

296 1605 358 1696 qui
374 1595 587 1671 inscribitur
601 1600 785 1672 Articulns
806 1601 882 1672 sive
908 1603 952 1671 dc
964 1603 1157 1689 Numeris',
1190 1613 1228 1672 et
1243 1604 1383 1674 Censu-

294 1737 397 1807 rinus
420 1736 465 1804 de
487 1735 559 1806 Die
583 1735 702 1808 Natali
728 1735 761 1805 5.
786 1735 850 1804 itu:
897 1735 961 1822 „Id
983 1734 1131 1838 moris,“
1153 1740 1384 1826 respondent,

295 1868 543 1965 „institutique
556 1871 712 1943 maiores
725 1871 840 1941 nostri
856 1879 1060 1958 tenuerunt,
1084 1880 1222 1940 utrum
1237 1869 1297 1938 die
1312 1891 1382 1940 nu·
1430 1943 1434 1951 ,

293 1985 355 2077 tuli
372 2031 504 2080 munus
520 2007 651 2080 annale
675 1997 795 2077 Genio
810 2005 1010 2094 solverent,
1036 2027 1182 2077 manum
1196 2025 1217 2072 a
1232 2001 1331 2073 caede
1345 2011 1384 2072 et

280 2142 467 2230 ‘sangvine
483 2141 721 2226 abstinerent,
747 2164 794 2211 ne
813 2143 891 2228 die,
918 2165 989 2234 que
1004 2143 1075 2234 ipsi
1088 2145 1206 2212 lucem
1221 2137 1381 2232 accepis-

293 2281 389 2358 sent,
422 2269 504 2340 aliis
528 2273 750 2347 demerent.“
796 2273 879 2343 vid.
911 2273 1066 2367 Gyraldi
1088 2276 1183 2346 Hist.
1207 2277 1382 2346 Deorum.

292 2405 392 2498 Synt.
416 2403 471 2474 15.
496 2401 553 2478 Ad
570 2427 654 2496 quoe
666 2403 874 2490 Turnebus,
897 2403 1019 2474 locum
1032 2403 1148 2478 Persii
1165 2409 1381 2498 respiciens:
1434 2422 1440 2434 ¹

292 2535 400 2629 „Hoc
413 2536 453 2606 in
470 2561 581 2612 versu
597 2561 723 2608 sensus
743 2561 819 2608 nou
835 2539 969 2609 eminet
984 2539 1104 2628 foras,
1139 2541 1202 2608 sed
1217 2540 1312 2608 intus
1324 2541 1384 2610 la-

210 2722 213 2731 ·
283 2682 361 2763 tet,
393 2693 479 2741 nam
504 2672 569 2742 etsi
594 2673 692 2765 quod
714 2672 951 2744 aCensorino
969 2673 1148 2762 refertur,
1173 2695 1301 2746 verum
1319 2681 1383 2761 es't,

293 2803 413 2874 Genio
435 2805 561 2878 vinum
583 2805 711 2898 libari,
743 2827 819 2878 nou
842 2806 996 2898 hostiani
1016 2809 1126 2898 csedi,
1157 2829 1206 2877 ne
1233 2807 1384 2900 quadie

291 2937 402 3012 vitam
416 2942 631 3034 accepimus,
657 2941 736 3014 eliis
750 2945 961 3033 adimemus,
982 2922 1100 3015 tamen
1115 2941 1383 3036 intelligendum
1406 2983 1408 2987 v

292 3073 472 3164 arbitror,
495 3075 663 3150 Persium
688 3077 811 3154 dicere
833 3064 1018 3153 Meurino:
1052 3069 1141 3174 nihil
1156 3099 1300 3149 necesse
1315 3087 1382 3165 est,

289 3216 370 3277 rem
386 3207 546 3280 divinum
562 3236 655 3283 cessa
668 3215 791 3306 opime
804 3213 921 3289 hostia
935 3215 1074 3304 facere,
1100 3238 1183 3286 curn
1202 3211 1281 3284 solo
1297 3212 1383 3287 vino

287 3337 345 3408 vir
356 3343 562 3428 praesernm
581 3346 697 3413 bonus
713 3319 965 3442 litare-possiti,
983 3355 1038 3414 'ut
1052 3357 1261 3440 sumptuoso
1276 3370 1383 3417 sacro
1466 3419 1467 3422 ,

288 3491 362 3540 non
377 3469 449 3538 sint
464 3471 497 3539 ei
514 3476 676 3568 ementire
690 3476 858 3546 Deorum
876 3495 983 3544 sures
1008 3477 1054 3548 sd
1077 3489 1160 3550 vota
1182 3481 1383 3570 audienda3

290 3603 361 3676 illis
378 3605 476 3676 euim
500 3631 578 3680 esse
602 3631 693 3700 opus
709 3606 845 3702 mugnis
860 3606 1044 3697 sacrificiis
1052 3661 1064 3697 ,
1097 3613 1160 3702 qui
1173 3613 1272 3682 Deos
1288 3634 1382 3681 cor-

289 3761 462 3833 rumpere
481 3751 518 3812 et
535 3743 710 3814 eblandiri
727 3739 871 3829 volunt,
897 3743 1134 3836 improbaque
1156 3756 1241 3818 vots'
1256 3747 1382 3839 impe-

288 3885 388 3946 trare
414 3880 575 3966 student,
605 3861 820 3972 sublingua
842 3880 1124 3968 murmurando,
1163 3903 1239 3951 non
1259 3881 1383 3976 palent

287 4013 540 4084 enuntiande„“
566 4013 655 4088 nov.
675 4017 733 4104 25,
750 4014 805 4086 14.
846 4011 931 4082 Non
948 4024 990 4082 tu
1004 4008 1072 4084 &c
1109 4013 1144 4087 Α
1161 4039 1247 4086 saus
1260 4027 1386 4086 mente

286 4141 454 4240 Memini,
476 4171 551 4220 non
569 4151 693 4244 iniqua
710 4149 824 4222 aDiis
840 4147 1010 4240 petentis,
1034 4150 1257 4220 occasionem
1272 4151 1381 4242 c'spit,

286 4295 416 4366 preces
433 4289 469 4346 et
485 4294 568 4352 vota
585 4284 640 4354 sui
654 4282 828 4394 temporis
843 4291 954 4372 prava
972 4293 1008 4350 ct
1022 4275 1270 4376 superstitiose
1284 4305 1381 4376 per-

180 4487 183 4496 ,
286 4409 498 4502 stringendi.
541 4413 825 4520 »Preceemoci
877 4413 1065 4486 Eiusmodi
1084 4407 1253 4499 ὁσιοιῆτα
1273 4416 1379 4486 Pluto

286 4541 327 4612 in
340 4543 580 4644 Eutyphrone
592 4557 732 4642 „artem
746 4546 1025 4620 mercatoriam
1039 4551 1142 4645 dicit,
1175 4561 1303 4642 tuconi
1312 4537 1380 4628 xviv
