2984 5204
493 410 498 419 ’
562 423 893 518 εΛΤ.,ν.,9ι-95.
1102 511 1108 522 ¹
1192 431 1262 500 421
1355 523 1360 538 ι

174 699 221 772 ad
233 690 435 798 libertatem
449 696 591 789 requiri
608 707 723 768 artem
736 709 835 768 reete
854 697 1010 786 vivendi,
1025 699 1089 769 ie.
1103 723 1265 787 verume
1306 733 1311 755 ι

174 831 263 902 falso
279 829 528 920 discernendi,
553 829 803 931 liberalitatem
821 831 1067 922 aprosusione
1083 845 1119 906 et
1133 833 1264 928 fruga—
1302 820 1305 830 ’

173 963 309 1036 litatem
337 987 357 1032 a
380 965 546 1036 sordibus
571 965 724 1038 alienam
747 967 939 1081 servandi,
959 977 997 1039 ct
1010 967 1263 1062 cupiditatibus
1392 990 1396 1001 ’

173 1099 428 1192 affectibusque
442 1099 653 1194 imperandi.

249 1319 307 1394 9ι.
333 1319 391 1392 92·
443 1299 511 1372 Ira
531 1311 569 1370 ct
589 1321 700 1376 sanna
722 1297 882 1371 hominia
911 1311 995 1370 sunt
1020 1299 1261 1371 monitoribus

173 1431 303 1528 asperi.
352 1429 507 1502 Veteres
529 1432 626 1505 aviae
643 1433 880 1528 metonymice
896 1457 965 1528 pre
981 1433 1135 1504 anilibus
1150 1433 1281 1504 subu-¹

171 1565 217 1637 lis
231 1577 267 1636 et
281 1565 537 1638 deliramentis.
581 1558 711 1654 ,Dum
726 1566 866 1638 stultam
883 1549 919 1640 et
932 1577 1159 1662 arrogantem
1174 1567 1260 1661 opi-

170 1698 318 1772 nionem
342 1699 461 1770 animo
484 1709 548 1770 tuo
573 1699 730 1771 eximo.“
763 1701 964 1776 Tumorem
987 1702 1097 1774 animi
1119 1713 1259 1778 veteres

170 1833 211 1905 in
229 1833 616 1951 pulmoneqcollocant.
642 1831 687 1904 cf.
708 1836 815 1924 1,14.
1036 1814 1039 1824 ¹

245 2033 293 2124 95
301 2071 324 2084 -
333 2038 392 2127 95.
444 2033 573 2124 „Solus
589 2035 732 2128 sapiens
746 2019 838 2107 liber
852 2045 921 2128 est3
953 2033 1123 2128 sapientis
1137 2043 1258 2106 autem

168 2167 361 2262 propriam
382 2179 454 2255 est,
482 2168 553 2242 vita
575 2179 676 2240 reete
696 2168 767 2259 uti,
794 2179 830 2264 et
851 2168 978 2240 officiis
999 2167 1257 2262 optimesrurgi,

169 2321 324 2394 quarum
340 2322 466 2407 rerum
488 2300 674 2374 seientiam
698 2303 855 2404 (anipro)
875 2300 1144 2396 complectitur,
1174 2324 1256 2372 eam

153 2444 288 2528 ‚autem
309 2433 492 2505 scientiam
513 2437 656 2508 tradere
679 2459 754 2508 non
778 2445 1071 2530 petestproetor,
1098 2435 1255 2538 proinde

159 2589 213 2652 ,ne
226 2567 425 2638 libertatem
442 2567 607 2662 quidem3
633 2569 774 2642 facilius
790 2571 888 2640 enim
902 2580 1038 2662 praetor
1053 2591 1254 2660 conseque-

166 2711 287 2787 retur,
311 2709 351 2769 ut
365 2701 598 2793 praegrandes
615 2701 673 2770 isti
687 2703 840 2796 rnilitum
856 2700 1018 2787 calones,
1051 2697 1114 2792 qui
1133 2699 1254 2768 musi-

167 2854 247 2902 cam
261 2853 458 2922 numquam
473 2830 650 2920 didicere,
682 2841 778 2904 recte
799 2832 985 2918 sambuca,
1014 2853 1121 2924 quam
1144 2829 1253 2924 vulgo

145 2937 146 2940 Ἴ
166 2963 206 3036 in
222 2962 342 3034 Gallia
355 2962 505 3056 harpam
521 2961 761 3058 appellamus,
781 2975 988 3056 uterentur3
1021 2972 1061 3032 ut
1076 2961 1171 3032 enim
1189 2961 1253 3052 illi,

166 3101 253 3195 quia
275 3095 640 3203 seientis‘modorum
663 3107 700 3168 et
718 3109 885 3170 cantuum
912 3107 1052 3188 carent,
1085 3097 1253 3167 sambuca

166 3257 298 3306 canere
319 3253 393 3302 non
415 3241 583 3324 possunt,
612 3229 665 3302 sic
688 3232 750 3325 qui
775 3231 1065 3343 scientiamsvitae
1082 3253 1155 3300 non
1171 3241 1278 3302 sunt·
1328 3245 1330 3254 ’

165 3367 295 3462 adepti,
321 3363 438 3437 officia
451 3365 533 3438 ritae
549 3388 622 3438 nen
634 3379 786 3461 possunt
800 3379 898 3438 reete
915 3365 1028 3454 obire,
1054 3389 1165 3459 quare
1184 3363 1252 3435 riec

160 3501 269 3573 tiberi
287 3501 404 3572 esse.“
428 3501 590 3572 Turneb.
607 3499 696 3574 Adv.
717 3521 774 3591 se,
796 3526 825 3573 1.
873 3503 1012 3574 Teutria
1027 3523 1151 3574 rerum
1167 3499 1252 3594 offl-

163 3641 240 3726 eiu,
267 3650 416 3728 „tenues
430 3634 663 3725 differentiae,
685 3644 772 3729 qtras
791 3639 939 3733 exigunt
953 3649 1135 3728 tempora,
1159 3630 1251 3718 loca,

162 3773 368 3862 perseuaefi‘
391 3771 515 3840 Senee.
531 3769 599 3860 Ep.
618 3771 679 3861 94,
694 3771 754 3842 35.
789 3770 875 3842 Huc
888 3767 1121 3841 referendum
1142 3765 1250 3834 Cice-

163 3905 265 3972 ronis
286 3901 408 3973 illudz‘
440 3895 580 3989 „Aliter
601 3901 719 3994 leges,
758 3903 861 3974 aliter
891 3897 1096 3993 philosophi
1120 3892 1251 3966 tollunt
1371 3896 1378 3910 “

162 4037 324 4108 astutias:
364 4033 478 4128 leges,
512 4045 687 4127 quatenus
717 4049 840 4106 tenere
867 4057 977 4104 manu
1007 4054 1066 4103 res
1089 4041 1249 4124 possunt,

161 4156 379 4264 philosophi,
400 4181 575 4262 quatenus
589 4171 729 4241 ratione
746 4181 781 4240 et
796 4166 1069 4261 intelligentia.“
1085 4165 1129 4238 de
1142 4165 1246 4238 offic.

160 4305 195 4376 5.
223 4305 252 4378 It
270 4302 404 4384 scilicet
418 4303 640 4404 probatum,
657 4303 755 4396 qued
781 4303 842 4398 qui
865 4281 950 4375 rere
973 4301 1016 4372 sit
1035 4301 1146 4389 liber,
1174 4323 1249 4372 non

158 4437 294 4530 solima,
319 4447 366 4509 «ut
385 4437 559 4510 concessit
582 4433 751 4525 libertus,
782 4437 917 4512 abillis
940 4407 1130 4527 abstineat,
1164 4453 1246 4526 quae
