3052 5202
550 511 587 572 Ἃ
612 484 711 545 suu„
728 485 768 532 n.
800 467 854 548 75.
1213 475 1284 545 245

202 600 1286 636 *nna-*hm

498 667 510 696 k

200 743 376 812 Senecam
407 753 442 810 et
471 737 608 832 aliquos
631 739 791 835 iuniores
817 735 1027 829 simpliciter
1048 755 1098 812 est
1124 747 1286 830 „sacrifi-

203 879 325 946 carc.“
348 877 430 946 Non
447 877 495 946 ita
509 876 605 968 apud
620 875 859 967 antiquiores,
881 897 914 948 v.
937 901 967 943 ο.
993 875 1108 946 Plaut.
1125 877 1235 947 Poen.
1257 901 1289 964 a,
1374 851 1380 865 ι

203 1011 263 1082 4ι.
297 1009 356 1098 „Si
370 1009 492 1082 hercle
506 1012 599 1082 istuc
613 1031 785 1104 umquam
799 1005 932 1078 sactum
948 1023 1018 1097 est,
1042 1023 1118 1081 tum
1139 1001 1201 1081 m‘e
1223 1011 1290 1082 Iu*-

168 1167 179 1180 ’
202 1147 437 1237 piterFaoiat,
455 1158 495 1216 ut
503 1169 648 1238 semper
657 1141 878 1230 sacruficem,
892 1167 958 1214 nec
972 1169 1142 1238 umquam
1152 1145 1289 1218 litem.“
1309 1127 1315 1134 .

203 1292 237 1350 et
251 1280 328 1348 Liv.
351 1301 410 1370 27,
427 1283 484 1349 25.
511 1281 609 1366 „Per
632 1277 708 1346 dies
732 1276 865 1368 aliquot
884 1247 1010 1348 iiostiae
1032 1282 1188 1348 maiores
1212 1284 1289 1350 sine

203 1413 367 1482 litatione
381 1435 502 1499 caesas,
528 1411 662 1502 diuque
683 1432 756 1478 non
779 1411 968 1501 impetrata
982 1434 1054 1504 pax
1068 1414 1225 1482 Deum.“
1245 1415 1291 1482 cf.

204 1547 265 1634 dr,
286 1568 340 1638 ¹9·
367 1543 503 1614 Litora
524 1543 635 1634 igitur
656 1549 708 1612 e'st
731 1539 851 1630 „Deos
865 1543 1009 1635 placare
1025 1558 1060 1618 et
1077 1547 1211 1621 anticos
1224 1549 1293 1618 sibi

204 1681 379 1766 reddere,
406 1677 502 1750 felici
517 1688 649 1750 eventu
663 1679 900 1760 sacrificare,“
919 1679 1134 1754 Graecorum
1150 1651 1292 1750 sottu-
1362 1667 1368 1682 ’

204 1845 289 1894 μιν.
347 1816 444 1885 Bene
467 1783 645 1884 Bondius:
679 1811 826 1898 „Litaut
847 1809 1076 1884 solummodo
1101 1818 1188 1888 boni
1208 1821 1291 1906 viri,

204 1949 351 2040 etquod
367 1948 510 2032 volunt,
536 1945 711 2016 sacrificio
732 1945 946 2038 impetrant,
970 1953 1206 2038 potuntenim
1219 1951 1294 2020 ho·-
1343 1995 1348 2006 ·
1385 1943 1391 1966 '

204 2075 307 2154 nesta
321 2093 483 2171 tantum3
509 2077 710 2150 sacrificant
725 2101 813 2151 vero
830 2089 900 2148 tum
916 2080 1000 2151 mali
1015 2105 1124 2176 quam
1139 2076 1263 2154 bo'uif‘

282 2215 543 2286 Verumtamen
557 2213 689 2284 Noster
712 2235 750 2282 se
772 2211 967 2285 litaturum
982 2215 1081 2286 dixit.
1116 2218 1293 2288 Crederes
1318 2302 1324 2310 ,

207 2351 441 2460 scriptorem,
466 2369 555 2421 vere
575 2349 666 2419 adeo
688 2359 722 2418 et
744 2347 863 2416 sobrie
879 2348 923 2418 de
941 2347 1038 2418 cuitu
1054 2351 1174 2423 diviua
1189 2353 1292 2423 iudi·
1395 2367 1400 2382 ’

207 2495 366 2571 cantem,
399 2483 532 2577 quaevis
552 2480 726 2554 sacrificia
745 2479 843 2551 haud
857 2487 1056 2556 necessaria
1072 2489 1294 2575 pronuntia-

139 2659 152 2676 ε
206 2629 328 2688 turum
348 2617 466 2688 fuisse.
507 2609 654 2689 dtscre
670 2615 845 2684 sacrificia
863 2617 905 2684 ad
921 2615 1136 2707 religionem
1150 2599 1301 2706 publica

182 2753 404 2820 -institutam
428 2748 676 2840 pertinebant,
708 2769 776 2814 nec
798 2747 871 2815 vim
894 2745 1070 2838 aliquam,
1102 2747 1298 2836 etquidem
1357 2723 1363 2738 '

210 2883 400 2966 eximiam,
428 2879 500 2950 illis
523 2883 660 2963 inesse,
683 2877 980 2969 philosophorum
995 2877 1207 2967 acutissimi,
1228 2903 1298 2972 pro

212 3010 425 3106 cognitionis
446 2999 656 3102 theologicas
677 3019 713 3079 et
735 3007 908 3109 naturalis
926 3035 1000 3082 suas
1013 3011 1180 3102 modulo,
1214 3014 1300 3084 olim

211 3149 472 3220 inficiabantur.
533 3143 730 3214 Audiamus
744 3139 968 3234 Simplicium
984 3167 1028 3214 ex
1043 3151 1299 3218 commentario

213 3285 253 3350 in
270 3279 422 3372 Epicteti
438 3277 689 3377 Encitiridion,
716 3277 761 3346 de
778 3299 848 3369 qno
864 3279 889 3348 1.
905 3276 945 3348 Α.
956 3278 1141 3350 Fabricius
1155 3282 1299 3374 iudicat,

214 3417 252 3484 in
276 3425 349 3484 tota
370 3413 577 3505 antiquitate
603 3388 744 3483 eibnica
765 3413 980 3504 paucissima
999 3395 1138 3490 exstare
1155 3421 1301 3512 scripta,

215 3549 364 3644 quaevel
383 3551 427 3618 ad
444 3547 783 3618 niorosformandos
809 3549 952 3618 saniora
975 3549 1155 3644 principia
1179 3555 1300 3622 conti-

215 3697 338 3770 neant,
357 3681 414 3754 vel
428 3683 694 3775 providentiam
713 3683 867 3753 divinam
881 3685 1016 3754 rectius
1037 3697 1196 3754 asserant
1209 3708 1303 3774 pro-

216 3829 462 3910 pugnentque:
505 3817 607 3884 Bona
627 3814 802 3901 bumana,
837 3817 972 3908 inquit,
997 3815 1182 3884 sacrificiis
1204 3817 1304 3908 quasi

217 3949 410 4043 splendore
437 3947 591 4036 quodam
618 3945 743 4034 gratiss
768 3945 971 4018 collustrari
989 3948 1182 4038 ataugeri3
1222 3954 1304 4022 ani-
1314 3927 1332 4003 ἓ

218 4107 314 4156 mam
336 4077 501 4173 quidem,
538 4099 560 4142 a
581 4077 663 4145 Deo
686 4075 895 4166 oriundam,
930 4080 966 4148 ei
985 4079 1151 4172 inprimis
1173 4108 1323 4160 consa-¹

219 4209 392 4313 orandam
408 4233 498 4296 esse,
514 4218 550 4280 et
563 4209 657 4280 veris
674 4210 719 4282 de
733 4235 777 4282 eo
791 4211 996 4284 notionibus
1011 4215 1154 4308 vitaque
1168 4177 1326 4296 natumax

218 4349 460 4422 conveniente
476 4345 698 4438 purgandam
708 4369 720 4440 3
758 4368 884 4418 verum
901 4349 1006 4418 etiam
1020 4353 1169 4444 corpis,
1208 4360 1305 4430 divi-

122 4539 132 4548 ·
218 4485 480 4573 numdonam,
506 4479 540 4552 ei
556 4478 812 4572 dedicandum,
845 4493 881 4554 et
895 4483 1044 4557 internis
1061 4511 1163 4581 aequo
1178 4513 1220 4558 ac
1237 4512 1306 4556 ex-

1036 4587 1073 4647 16
1094 4584 1110 4622 ¹⁵
