3052 5202
261 417 269 442 ⁸
313 415 386 484 224
698 423 805 478 eur.
831 425 889 492 11,
917 409 974 495 57.

307 545 861 574 W

311 691 421 764 etiarn
436 689 474 756 in
488 681 886 788 vocibus„gretuit1u,“
913 681 1139 774 „fortuitus,“
1163 665 1335 773 „rietusf‘
1353 711 1397 754 ex

310 823 464 896 arbitrio
486 803 676 912 poetarum
696 815 855 910 corripi,
892 817 948 890 vel
972 819 1240 910 praecedentem
1265 843 1396 890 conso—

310 933 579 1032 nantislocnm
605 952 788 1040 obtinere,
830 951 1003 1046 exemplis
1036 953 1159 1024 docuit
1183 953 1396 1042 Grotefcnd,

311 1169 607 1196 *db-¹⁸..-

398 1311 516 1372 mthcre
545 1307 675 1371 numina
701 1307 847 1384 mittunt,
886 1309 948 1370 Sed
980 1309 1042 1370 sibi
1065 1305 1196 1390 quisque
1223 1307 1319 1370 secit“
1344 1315 1398 1370 &c

323 1421 326 1428 ⁴
398 1416 532 1498 Satyris.
546 1436 575 1478 o.
596 1419 664 1477 104.
688 1411 728 1474 cf.
746 1411 910 1474 Claudiani
928 1415 1015 1492 prees.
1032 1411 1399 1493 in1.3.deRspt.Pro-

394 1541 477 1600 serp.
518 1521 556 1580 In
577 1515 709 1596 templis*
725 1517 848 1578 scilieet
872 1517 1042 1596 AEsculepii
1059 1499 1098 1580 'et
1118 1520 1211 1580 Isidis
1229 1521 1303 1597 aegri
1322 1520 1397 1578 dor-

393 1625 549 1698 miebant,
575 1633 611 1687 ut
623 1639 680 1702 per
696 1618 851 1680 insomnia
868 1619 908 1680 do
923 1621 1107 1682 morborum
1123 1622 1274 1683 remediis
1288 1643 1397 1685 mone-

309 1743 313 1748 ’
393 1709 513 1792 rentur.
555 1725 640 1786 Hinc
656 1723 691 1785 in
705 1725 772 1805 egri
786 1723 978 1788 Bellunensis
999 1723 1071 1783 vieo
1088 1727 1257 1787 Sebetione
1273 1745 1399 1788 sexum:

394 1830 560 1912 „Asclepio
585 1831 620 1891 P.
649 1830 748 1892 AElius
768 1829 871 1892 Pollio
896 1831 975 1892 Visu
997 1830 1295 1904 Monimst‘osuit,“
1316 1831 1399 1892 etin

262 1929 265 1934 Δ
310 2009 312 2014 ,
393 1959 552 2004 marmore
568 1937 650 2016 apud
665 1936 847 1998 patarinos:
869 1936 966 2015 „isidi
982 1940 1109 2030 Sacrum
1123 1937 1173 1998 Ex
1187 1935 1299 1998 Monit.
1317 1936 1399 1996 Eius

392 2049 435 2112 D.
451 2046 492 2106 D.
506 2045 554 2107 L:
565 2042 709 2102 Valerius
729 2043 855 2106 Memor
873 2045 919 2106 VI
941 2045 1001 2106 Vir
1017 2047 1095 2124 Aug.
1109 2043 1147 2104 L.
1162 2043 1202 2101 D.
1214 2042 1270 2102 P.“
1298 2040 1400 2102 Gale·

308 2147 312 2154 ’
385 2171 452 2210 λιιιιε
467 2150 504 2208 de
522 2151 658 2224 cur.'pcr
675 2167 779 2224 sangu.
796 2133 879 2208 miss.
894 2171 921 2209 c.
938 2153 988 2210 23.
1009 2149 1169 2223 „Monitus
1184 2168 1240 2232 per
1257 2148 1399 2229 quedam

391 2247 563 2320 insomnia,
586 2267 719 2326 quorum
736 2249 799 2310 duo
815 2253 979 2330 perspicuo
996 2255 1074 2312 milii
1090 2255 1157 2315 vise
1175 2264 1265 2328 sunt,
1294 2272 1400 2312 eccos-

344 2377 345 2384 *
388 2352 437 2414 uit
450 2353 489 2412 sd
507 2339 623 2410 dextere
641 2367 750 2408 uranus
766 2355 915 2414 arteriam
925 2359 962 2430 3“‹
984 2367 1015 2415 ct
1033 2375 1125 2420 mox:
1153 2357 1320 2431 „Minister
1334 2355 1400 2432 Dei

390 2453 556 2536 Pergami,
579 2451 702 2512 diutino
724 2453 831 2514 leteris
847 2457 988 2518 cruciatu
1001 2457 1163 2540 loborans,
1184 2458 1335 2520 liberatus
1354 2469 1401 2518 est

391 2559 510 2623 arteris
532 2557 568 2619 in
590 2577 710 2617 summu
729 2576 825 2620 manu
838 2559 955 2637 incisu;
984 2581 1144 2640 eggressus
1164 2571 1215 2649 est
1232 2560 1298 2639 ipsc
1318 2561 1401 2621 illud

282 2696 285 2708 ·
389 2664 541 2726 insomnii
557 2661 712 2721 monitu.“
752 2664 846 2744 Apud
867 2667 1009 2728 Plautum
1029 2676 1160 2744 egrotus
1180 2664 1349 2758 Ceppodox
1363 2665 1401 2725 in

392 2767 468 2830 feno
490 2766 661 2846 AEseulspii
684 2767 821 2830 incubat
846 2772 973 2834 curcul.
994 2772 1194 2847 1‚1,14.61.
1215 2791 1244 2845 2,
1266 2791 1292 2845 r,
1310 2791 1334 2832 ι.
1350 2791 1398 2850 sq·
1479 2761 1481 2786 ⁴

394 2873 445 2938 Gi.
460 2872 629 2935 Herodian.
646 2866 677 2948 4,
695 2881 725 2939 8.
745 2874 931 2954 Petron.17.
952 2876 1129 2964 AEsculepio
1146 2876 1262 2958 quippe
1279 2875 1399 2954 insigne
1440 2911 1444 2918 ·

391 2991 460 3041 eret
474 2989 564 3040 extre
581 2979 690 3040 urbem
708 2977 743 3040 in
763 2977 865 3040 insula
882 2981 1035 3044 Tiberine
1049 2959 1200 3062 templum
1216 3003 1235 3042 a
1250 2980 1399 3042 Romanis

354 3153 361 3162 ,
391 3082 587 3161 dedicatum,
609 3105 670 3165 qno
688 3083 741 3144 illc
760 3107 800 3146 ex
813 3087 992 3166 Epidauro,
1013 3087 1108 3167 pestis
1126 3087 1265 3149 leuandae
1283 3107 1397 3160 caussa,

391 3209 513 3248 summe
535 3210 606 3250 eum
633 3189 835 3252 veneratione
860 3193 1026 3252 translatus
1048 3203 1124 3253 orat.
1146 3191 1221 3256 Liv.
1243 3213 1289 3269 10,
1302 3197 1350 3270 47.
1366 3203 1398 3252 ct

392 3291 477 3370 Epit.
498 3293 574 3351 libri
597 3313 644 3352 11.
696 3293 788 3354 luam
818 3305 921 3354 autom
949 3285 1185 3358 venerationem
1209 3297 1397 3376 procedente

388 3405 533 3474 tempore
556 3393 753 3454 imminutum
777 3395 991 3486 suissc,mindo
1013 3408 1111 3474 potet,
1140 3402 1223 3478 qnod
1238 3397 1309 3462 oiim
1325 3400 1398 3479 qui-

391 3495 463 3556 dam
478 3504 559 3574 aegrti
574 3506 606 3554 et
621 3497 732 3556 effecte
749 3495 904 3574 mancipia
918 3496 951 3556 in
966 3499 1136 3582 AEsculapii
1152 3503 1284 3564 insulem
1302 3506 1398 3564 tedio

311 3591 313 3599 ’
390 3597 538 3662 medendi
548 3610 757 3679 exponerent,
775 3599 946 3680 imperator
965 3603 1113 3668 Claudius
1127 3607 1304 3683 sanciverit,
1326 3631 1397 3670 om-

389 3723 447 3768 nes
462 3702 517 3786 qui
530 3713 778 3785 exponerentur,
797 3703 915 3769 iiberos
932 3727 1006 3786 esso,
1028 3731 1087 3772 nec
1109 3709 1217 3772 redire
1237 3709 1273 3774 in
1297 3713 1397 3774 ditio-

309 3833 312 3840 ’
390 3809 610 3884 nonidecimi,
631 3809 658 3868 ei
675 3808 931 3892 eonvuinieeeut“
952 3815 1080 3875 Sueten.
1098 3815 1205 3878 Claud.
1222 3819 1273 3879 25.
1293 3819 1397 3878 ‘Pinea

391 3920 452 3982 hoc
470 3917 510 3979 de
530 3937 567 3978 re
584 3913 657 3974 vide
673 3914 756 3994 opud
773 3914 853 3980 Phil.
870 3917 931 3978 Iac.
945 3919 1171 3982 Thomusinum
1190 3921 1230 3983 de
1246 3923 1395 3986 Donrriis

392 4025 544 4086 Veterum
563 4041 590 4081 c.
608 4021 656 4081 34.
715 4019 800 4082 Huic
823 4024 1007 4104 ceteroquin
1029 4023 1283 4106 interpretationi
1307 4029 1396 4088 obest

390 4149 483 4203 uene,
505 4145 598 4206 quem
618 4123 770 4201 diximus,
791 4123 903 4204 linguae
925 4127 1044 4206 latinae,
1067 4145 1100 4191 et
1119 4132 1186 4212 ipsa
1209 4131 1307 4198 series
1321 4152 1395 4192 ora-

391 4231 504 4308 tionis,
526 4251 597 4291 rum
617 4228 653 4289 in
675 4230 871 4309 precedente
888 4244 1040 4295 commate
1052 4247 1116 4296 non
1133 4237 1172 4296 de
1188 4257 1323 4317 eorporo
1337 4257 1393 4297 ou-

389 4334 491 4406 ¹rnndo
508 4335 626 4418 egitur,
649 4335 704 4394 sed
719 4335 756 4394 dc
772 4351 806 4394 re
823 4329 986 4412 struendo,
1006 4357 1077 4416 que
1094 4339 1198 4418 potius
1211 4342 1250 4406 sd
1265 4344 1394 4404 Mercu-

391 4437 491 4514 rium,
515 4456 607 4517 quem
622 4437 662 4498 ad
677 4437 889 4518 AEsoulspium
902 4440 1059 4519 pertinen·
