2932 5206
280 575 346 642 132
571 553 588 570 ⁸
669 587 757 638 situ.
781 591 805 640 ι.
818 622 828 655 ,
854 589 969 660 ppsq.

349 846 582 940 Exemplum,
607 844 704 937 quod
724 821 907 935 sequitur,
932 821 1155 954 postremum
1169 855 1205 916 et
1219 846 1357 937 prima-

235 996 237 1006 '
276 987 391 1070 rium,
417 985 519 1052 cuius
536 1003 605 1074 ope
621 975 889 1069 interpellator,
920 979 1051 1050 ceteris
1067 987 1209 1072 aposta
1226 968 1356 1054 adter-

276 1117 372 1187 sario
387 1113 545 1201 reiectis,
571 1132 732 1184 caussam
747 1134 1034 1185 numerosaesuae
1051 1113 1228 1186 iuncturae
1242 1125 1358 1208 sperat

275 1254 420 1323 demum
447 1248 630 1335 obtinere,
661 1247 793 1316 eximie
813 1247 946 1320 lectum
972 1271 1066 1338 esse,
1102 1246 1357 1342 complectique

277 1353 456 1478 quidquid
477 1394 594 1466 etars
616 1377 746 1452 melica
766 1383 813 1452 ad
834 1357 940 1456 aures
962 1385 1128 1456 delicatas
1145 1381 1358 1469 mulcendas,

276 1533 313 1592 et
329 1519 431 1592 color
446 1518 608 1610 poeticus
625 1516 671 1582 ad
685 1514 908 1604 phantasiam
921 1521 1133 1593 movendam
1147 1501 1286 1604 taleni,
1302 1515 1360 1592 vix

248 1653 404 1746 ‚aliquis
433 1647 614 1718 Passowio
643 1668 718 1715 non
750 1647 931 1716 concedet
995 1647 1162 1740 Pingitur
1192 1650 1361 1725 solemnis

274 1799 407 1879 pompa
433 1791 533 1851 actus
554 1779 730 1854 Baccheii.
795 1780 967 1851 insonant
983 1779 1187 1874 Maenades3
1227 1786 1362 1856 exultat

275 1923 389 2006 Deus,
414 1917 476 2011 qui
491 1913 704 2024 Pentlpeum,
728 1911 798 1985 sibi
813 1911 1005 2004 infensun,
1025 1915 1069 1986 ab
1084 1916 1231 1986 attonita
1246 1927 1359 1986 matre

275 2079 345 2147 pro
361 2051 474 2127 vitulo
489 2051 708 2142 discerptum
724 2047 841 2140 videt,
866 2049 955 2120 dum
968 2049 1176 2125 Edoniduut
1197 2049 1269 2118 alia
1288 2051 1359 2120 llo-

275 2190 350 2258 reis
377 2185 512 2266 catenis
533 2193 696 2252 monstra
719 2181 899 2256 silvestria
927 2184 1067 2274 domat,
1110 2185 1212 2262 Eclto
1234 2181 1360 2256 multi-

276 2342 400 2389 sonam
423 2317 574 2384 iterante
594 2337 748 2384 scenam.
821 2313 964 2386 Verum
995 2297 1193 2394 enimvero
1208 2319 1362 2400 'effectus

275 2433 481 2550 huiusmodi
515 2447 684 2520 carminis
724 2445 949 2518 solummodo
984 2461 1256 2522 momentaneus
1296 2464 1359 2524 est.

275 2588 436 2660 Laborat
447 2585 534 2658 vitio
550 2582 742 2670 inanitatis,
768 2607 849 2676 quas
862 2593 961 2653 tanto
976 2581 1207 2670 fastidiosior,
1227 2597 1360 2678 quanto

275 2723 393 2794 maior
408 2719 543 2814 poetici
558 2717 690 2788 coloris
714 2718 989 2811 intemperantia
1005 2728 1042 2788 et
1055 2717 1252 2810 imaginum
1268 2743 1361 2790 con..

274 2857 357 2928 susa
372 2856 536 2929 varietas.
586 2853 758 2924 Formam
772 2855 961 2946 spectavit,
983 2852 1029 2923 ad
1051 2875 1130 2922 eam
1152 2855 1274 2926 omnia
1295 2877 1363 2926 rc-

275 2991 356 3062 tulit
377 2989 438 3060 ille
466 2997 592 3081 poeta,
631 2985 733 3058 nulla
763 2989 817 3060 rei
846 2989 967 3061 habita
987 2986 1139 3058 ratione.
1203 2986 1363 3075 Accedit,

276 3125 375 3218 quod
396 3123 494 3195 citati
515 3111 662 3210 versus,
700 3149 721 3196 e
749 3125 910 3203 carmine
939 3123 1059 3217 aliquo
1082 3131 1173 3192 tunc‘
1187 3122 1364 3214 temporis

274 3259 459 3328 notissimo
475 3257 814 3350 desumpti,.totum
828 3259 919 3328 illud
934 3279 1080 3332 carmen
1096 3267 1133 3327 ct
1146 3231 1365 3350 scriptorem
1395 3253 1401 3262 ’

274 3389 312 3457 in
327 3387 543 3457 memoriam
556 3390 688 3458 'coaevis
703 3391 973 3478 revocaverint,
999 3415 1071 3484 quo
1087 3389 1159 3462 illis
1174 3389 1288 3460 multo
1301 3389 1365 3460 sa-

256 3517 398 3606 ·cilior,
424 3539 532 3612 quam
546 3519 669 3603 nobis,
694 3519 799 3589 lieret
813 3519 920 3588 huius
935 3523 992 3592 rei
1009 3519 1228 3592 diiudicatio.
1265 3521 1365 3591 Vide

274 3653 568 3740 Passowiumfil
596 3649 861 3727 Mimalloneis.
901 3652 1084 3748 „Polyaen
1102 3655 1138 3742 t,
1159 3627 1248 3724 ilde
1262 3653 1365 3724 Bac·-

273 3801 564 3866 ..........-’-,-

293 3972 330 4048 *)
349 3961 472 4050 „Persii
488 3978 575 4030 atate
588 3957 733 4049 pervenit
747 3950 821 4048 (sic)
833 3973 973 4052 corrupti
992 3969 1116 4052 generis
1134 3968 1235 4033 oratio
1245 4017 1254 4048 ,
1276 3983 1310 4034 ct
1328 3973 1365 4036 in

355 4077 497 4154 quadam
521 4074 598 4135 vitia
619 4073 781 4138 inclinatio
796 4073 994 4156 ingeniorum
1010 4078 1093 4139 facta
1111 4087 1174 4138 en:
1204 4077 1307 4158 viguit
1331 4091 1368 4140 ct

357 4177 471 4240 inllata.
479 4178 667 4260 explicatio,
700 4191 733 4242 et
753 4181 887 4244 infracta
910 4182 952 4242 in·
969 4203 1088 4244 morem
1114 4183 1235 4246 cantici
1256 4185 1366 4245 ducta.

290 4353 296 4376 τ
356 4277 560 4356 Quorundam
585 4293 649 4347 nen
672 4296 740 4349 erat
756 4287 959 4368 compositio,
985 4287 1158 4348 modulatio
1176 4299 1256 4364 erat,
1286 4309 1367 4350 sen-

352 4383 458 4443 tentias
476 4384 569 4444 nimis
586 4389 701 4464 dulces,
722 4408 790 4467 quoa
807 4393 841 4451 in
857 4411 971 4452 varium
986 4403 1102 4453 exeunt
1110 4403 1141 4451 et
1154 4393 1222 4453 sine
1237 4395 1365 4468 ellectu,

353 4486 434 4549 nihil
448 4488 581 4568 amplius
595 4513 687 4570 qaam
707 4505 827 4571 sonant.
868 4495 934 4554 Atii
951 4497 1083 4556 audaces
1100 4516 1222 4572 sensus,
1246 4495 1366 4558 lidem-

354 4613 415 4672 que
429 4612 576 4673 egressos,
592 4596 866 4676 portentosissima
881 4599 1034 4696 orationis
1041 4601 1170 4664 delicias
1186 4612 1368 4682 captantur.
