3052 5202
524 457 612 508 snr.
635 457 718 524 111.,
744 440 803 514 65.
818 440 876 508 66.
966 435 972 458 ’
1175 446 1245 536 275

151 717 190 789 in
206 739 314 810 quam
332 684 542 786 sententiam
557 713 758 808 Theognis:
778 722 959 794 ‘aesopus
986 722 1010 780 δ’
1037 725 1136 782 tiss.
1161 749 1247 800 «Μ.
1304 750 1315 778 t

151 880 248 932 pm
272 877 453 932 evasere,
499 827 698 928 Pharmecs
732 849 892 924 nascenti
931 861 1014 918 sunt
1045 849 1249 923 adhibenda
1316 861 1341 896 '¹

151 983 257 1052 nralo.
308 981 393 1052 Hoe
407 981 572 1074 inprimis
590 985 748 1075 pertinet
762 983 809 1054 ad
824 962 1064 1076 hydropicos,
1089 1009 1248 1079 quorum

152 1119 325 1206 „morbus
342 1115 424 1188 sieri
438 1127 556 1208 potest
567 1115 707 1212 longus,
725 1117 929 1218 nisiprimis
945 1118 1072 1194 diebus
1087 1144 1243 1194 succur-
1327 1157 1347 1206 ¹.
1365 1164 1368 1176 .

152 1254 283 1328 ritur.“
307 1249 432 1328 Celsus
447 1251 492 1320 de
509 1251 692 1322 Medicina
707 1255 741 1337 5,
758 1272 814 1322 st.
927 1259 932 1272 ‘
960 1261 965 1272 '

229 1389 289 1458 65.
340 1385 544 1474 ,Craterus
573 1384 643 1454 fuis
667 1385 828 1456 medicus
857 1385 1117 1458 celeberrimus
1141 1346 1244 1460 eetite

151 1521 340 1593 Ciceronis
360 1530 397 1592 et
421 1518 573 1614 Augusti
606 1515 674 1606 (l)
699 1529 740 1589 ut
757 1505 901 1591 mirum*
919 1520 982 1606 sit,
1021 1521 1182 1618 Plinium
1204 1523 1244 1592 in

154 1656 498 1728 commemoratione
513 1653 709 1752 illustrium
725 1653 951 1730 medicorum
968 1653 1068 1728 illum
1083 1667 1242 1750 praeter·
1371 1705 1376 1716 -

151 1791 255 1878 iisse,
287 1813 392 1882 quern
413 1771 596 1895 celebrant
618 1788 794 1863 Horatius
808 1799 855 1866 ‘et
876 1789 1058 1862 Persius.“
1091 1793 1238 1884 Roprna.

152 1924 209 1994 lle
224 1902 270 1996 eo
287 1913 673 1998 nimirum'Horatius:
706 1923 922 2012 „Craterum
937 1925 1067 1999 dixisse
1080 1927 1240 2018 miratof‘
1277 1951 1283 1976 ·

150 2061 220 2136 Sat.
238 2077 272 2152 s,
289 2059 324 2148 5,
346 2057 424 2132 161.
460 2055 585 2134 Verba
601 2061 688 2128 itern
712 2057 900 2133 Ciceronis
915 2057 1009 2152 Epp.
1024 2057 1070 2128 ad
1084 2055 1242 2130 Atticum

155 2213 213 2281 ss,
237 2195 282 2270 15
306 2201 343 2269 et
368 2193 423 2268 14.
448 2175 613 2284 magliam
636 2192 675 2262 in
698 2194 916 2289 sepositam
940 2192 1050 2264 fidem
1070 2192 1236 2284 probant

150 2325 314 2425 Magnos
331 2327 556 2420 promittere
579 2341 739 2414 montes,
764 2351 824 2397 res
841 2328 1024 2398 matrimes.
1075 2327 1127 2396 lta
1143 2347 1237 2414 „au-
1264 2375 1275 2404 ,

148 2487 233 2534 reos
249 2467 385 2538 montes
400 2459 601 2552 polliceri,“
615 2461 763 2540 Terent.
779 2461 925 2538 Phorm.
945 2485 1020 2548 1,s‚
1033 2463 1086 2532 18.
1103 2483 1238 2548 „mon-

148 2609 200 2668 tes
225 2595 402 2692 argeuti,“
421 2593 537 2667 Plaut.
561 2593 638 2666 Mil.
667 2600 703 2684 4,
727 2623 759 2684 s,
782 2597 839 2688 75.
879 2595 1019 2682 „marie
1040 2603 1077 2666 et
1097 2601 1238 2662 montes

148 2731 349 2826 polliceri‚“
382 2725 524 2797 Sallust.
551 2729 653 2799 Catil.
683 2733 740 2798 65.
772 2731 873 2800 idem
894 2723 1069 2815 expressit
1091 2723 1239 2806 Seneca,

149 2887 232 2936 cum
249 2883 385 2952 aegros,
410 2858 465 2944 „si
486 2861 612 2928 mortis
636 2859 841 2950 perieulum
862 2859 1043 2928 admotum
1070 2864 1125 2923 est
1144 2875 1238 2944 pro-
1357 2945 1361 2956 ¹

148 2977 251 3093 pius,
276 2992 500 3068 medicorum
523 3015 640 3084 genua
660 2997 832 3089 tangere“
856 2993 943 3070 dicit
957 2991 1002 3102 de
1017 2989 1121 3060 Brer.
1143 2987 1176 3056 V
1179 2987 1237 3054 ite

150 3137 185 3222 s,
202 3133 234 3207 5.
562 3114 567 3131 “

225 3263 284 3334 66.
336 3261 386 3334 Ut
410 3261 589 3353 sapientes
616 3275 775 3336 veterum
798 3263 1026 3356 frequenter,
1053 3237 1238 3328 hominum

149 3397 347 3496 quemlibet
371 3393 471 3466 velut
490 3396 771 3490 dispensatorem
794 3399 831 3468 in
847 3405 986 3492 partem
1002 3415 1103 3464 suam
1118 3387 1236 3462 collo-

149 3549 265 3608 catum
288 3557 308 3602 6
330 3555 502 3624 supremo
528 3533 676 3604 domino
700 3533 794 3604 dicit
847 3531 1069 3606 Antoninum
1089 3527 1139 3598 ita
1159 3547 1235 3609 sua,

148 3683 188 3743 ut
210 3667 459 3764 imperatoris,
491 3667 669 3757 Romani,
700 3667 921 3762 philosophi,
948 3665 1105 3738 hominis
1128 3658 1236 3729 deni-

144 3787 220 3898 ¹que
244 3803 359 3872 officia
382 3797 611 3894 complexum
635 3799 743 3874 fuisse
766 3798 923 3874 aureolis
946 3798 1017 3869 illis
1039 3792 1172 3884 eclogis
1186 3786 1237 3854 li-

147 3941 301 4008 brorum
314 3967 380 4035 Ιτων
399 3947 451 4002 εἰς
467 3945 590 4002 taem
608 3934 771 4004 meminit
785 3935 824 4006 C.
841 3929 1010 4004 Bardrius
1025 3927 1113 3998 mlv.
1126 3921 1235 4026 435.

148 4071 292 4158 dolens,
318 4069 417 4162 quod
435 4091 549 4165 usque
569 4067 614 4137 ad
629 4067 719 4136 duos
734 4067 846 4136 libros
866 4064 1012 4134 immani
1028 4055 1236 4152 reipublice

147 4205 318 4278 literariae
337 4203 554 4280 detrimento
565 4197 753 4294 perierint.
793 4195 936 4268 Similes
951 4191 1151 4266 officiorum
1168 4193 1236 4262 de-

147 4341 361 4434 scriptiones
392 4339 489 4432 apud
520 4342 713 4422 Senecam,
762 4331 974 4420 Arrianum,
1023 4331 1236 4424 Epictetum,

147 4475 360 4548 Hieroclem
376 4485 412 4546 et
427 4469 516 4544 ilios
533 4469 705 4566 reperies.
758 4469 920 4556 Discite,
951 4493 973 4538 o
997 4467 1131 4539 miseri.
1185 4463 1237 4529 lta
