<?xml version="1.0" encoding="UTF-8"?>
<!DOCTYPE html PUBLIC "-//W3C//DTD XHTML 1.0 Transitional//EN"
    "http://www.w3.org/TR/xhtml1/DTD/xhtml1-transitional.dtd">
<html xmlns="http://www.w3.org/1999/xhtml" xml:lang="en" lang="en">
 <head>
  <title>
</title>
<meta http-equiv="Content-Type" content="text/html;charset=utf-8" />
  <meta name='ocr-system' content='tesseract 3.04.00' />
  <meta name='ocr-capabilities' content='ocr_page ocr_carea ocr_par ocr_line ocrx_word'/>
</head>
<body>
  <div class='ocr_page' id='page_1' title='image "./satir00persgoog_0509.png"; bbox 0 0 2938 5208; ppageno 0'>
   <div class='ocr_carea' id='block_1_1' title="bbox 69 350 1233 1564">
    <p class='ocr_par' dir='ltr' id='par_1_1' title="bbox 69 350 1233 1564">
     <span class='ocr_line' id='line_1_1' title="bbox 548 350 1233 460; baseline 0.004 -24"><span class='ocrx_word' id='word_1_1' title='bbox 548 385 635 438; x_wconf 76' lang='lat' dir='ltr'><strong>sar.</strong></span> <span class='ocrx_word' id='word_1_2' title='bbox 657 387 711 454; x_wconf 89' lang='lat' dir='ltr'><strong>v.,</strong></span> <span class='ocrx_word' id='word_1_3' title='bbox 740 369 819 438; x_wconf 90' lang='lat'>188.</span> <span class='ocrx_word' id='word_1_4' title='bbox 885 350 888 360; x_wconf 52' lang='lat'><strong>¹</strong></span> <span class='ocrx_word' id='word_1_5' title='bbox 1165 373 1233 460; x_wconf 72' lang='lat'><strong>487</strong></span> 
     </span>
     <span class='ocr_line' id='line_1_2' title="bbox 69 623 1233 736; baseline 0 -20"><span class='ocrx_word' id='word_1_6' title='bbox 69 667 74 684; x_wconf 91' lang='lat'><strong>·</strong></span> <span class='ocrx_word' id='word_1_7' title='bbox 147 647 233 718; x_wconf 87' lang='lat' dir='ltr'><strong>licet</strong></span> <span class='ocrx_word' id='word_1_8' title='bbox 253 641 361 736; x_wconf 78' lang='lat' dir='ltr'><strong>paeri</strong></span> <span class='ocrx_word' id='word_1_9' title='bbox 380 633 514 718; x_wconf 71' lang='lat' dir='ltr'><strong>Maniae</strong></span> <span class='ocrx_word' id='word_1_10' title='bbox 535 643 644 734; x_wconf 77' lang='lat' dir='ltr'><strong>Deae,</strong></span> <span class='ocrx_word' id='word_1_11' title='bbox 670 623 776 716; x_wconf 77' lang='lat' dir='ltr'><strong>matri</strong></span> <span class='ocrx_word' id='word_1_12' title='bbox 798 643 970 733; x_wconf 84' lang='lat' dir='ltr'><strong>Larium,</strong></span> <span class='ocrx_word' id='word_1_13' title='bbox 992 640 1061 736; x_wconf 86' lang='lat' dir='ltr'><strong>pro</strong></span> <span class='ocrx_word' id='word_1_14' title='bbox 1078 647 1233 718; x_wconf 78' lang='lat' dir='ltr'><strong>semilia-</strong></span> 
     </span>
     <span class='ocr_line' id='line_1_3' title="bbox 147 765 1233 868; baseline 0.001 -16"><span class='ocrx_word' id='word_1_15' title='bbox 147 765 243 852; x_wconf 81' lang='lat' dir='ltr'><strong>riun&#39;t</strong></span> <span class='ocrx_word' id='word_1_16' title='bbox 257 777 371 852; x_wconf 82' lang='lat' dir='ltr'><strong>salute</strong></span> <span class='ocrx_word' id='word_1_17' title='bbox 384 777 674 868; x_wconf 77' lang='lat' dir='ltr'><strong>immolarentur)</strong></span> <span class='ocrx_word' id='word_1_18' title='bbox 689 780 812 852; x_wconf 84' lang='lat' dir='ltr'><strong>Iunius</strong></span> <span class='ocrx_word' id='word_1_19' title='bbox 826 780 970 864; x_wconf 88' lang='lat' dir='ltr'><strong>Brutus,</strong></span> <span class='ocrx_word' id='word_1_20' title='bbox 993 783 1116 850; x_wconf 88' lang='lat' dir='ltr'><strong>consul</strong></span> <span class='ocrx_word' id='word_1_21' title='bbox 1133 783 1233 852; x_wconf 84' lang='lat' dir='ltr'><strong>&#39;l&#39;ar-</strong></span> 
     </span>
     <span class='ocr_line' id='line_1_4' title="bbox 146 902 1233 1008; baseline 0.004 -26"><span class='ocrx_word' id='word_1_22' title='bbox 146 911 272 1008; x_wconf 87' lang='lat' dir='ltr'><strong>quinio</strong></span> <span class='ocrx_word' id='word_1_23' title='bbox 285 911 408 1006; x_wconf 82' lang='lat' dir='ltr'><strong>pulso,</strong></span> <span class='ocrx_word' id='word_1_24' title='bbox 434 911 538 984; x_wconf 81' lang='lat' dir='ltr'><strong>aliter</strong></span> <span class='ocrx_word' id='word_1_25' title='bbox 553 902 735 984; x_wconf 86' lang='lat' dir='ltr'><strong>constituit</strong></span> <span class='ocrx_word' id='word_1_26' title='bbox 757 912 1035 1007; x_wconf 77' lang='lat' dir='ltr'><strong>celebrandum5</strong></span> <span class='ocrx_word' id='word_1_27' title='bbox 1060 939 1144 984; x_wconf 87' lang='lat' dir='ltr'><strong>nam</strong></span> <span class='ocrx_word' id='word_1_28' title='bbox 1168 939 1233 986; x_wconf 86' lang='lat' dir='ltr'><strong>ca·-</strong></span> 
     </span>
     <span class='ocr_line' id='line_1_5' title="bbox 144 1015 1231 1154; baseline 0.006 -38"><span class='ocrx_word' id='word_1_29' title='bbox 144 1047 278 1142; x_wconf 85' lang='lat' dir='ltr'><strong>pitibus</strong></span> <span class='ocrx_word' id='word_1_30' title='bbox 301 1015 376 1116; x_wconf 88' lang='lat' dir='ltr'><strong>allii</strong></span> <span class='ocrx_word' id='word_1_31' title='bbox 391 1057 426 1118; x_wconf 87' lang='lat' dir='ltr'><strong>ct</strong></span> <span class='ocrx_word' id='word_1_32' title='bbox 440 1048 627 1140; x_wconf 85' lang='lat' dir='ltr'><strong>papaveris</strong></span> <span class='ocrx_word' id='word_1_33' title='bbox 644 1047 838 1140; x_wconf 85' lang='lat' dir='ltr'><strong>supplicari</strong></span> <span class='ocrx_word' id='word_1_34' title='bbox 856 1049 975 1154; x_wconf 81' lang='lat' dir='ltr'><strong>iussit,</strong></span> <span class='ocrx_word' id='word_1_35' title='bbox 1002 1063 1042 1122; x_wconf 93' lang='lat' dir='ltr'><strong>ut</strong></span> <span class='ocrx_word' id='word_1_36' title='bbox 1056 1073 1231 1144; x_wconf 83' lang='lat' dir='ltr'><strong>responso</strong></span> 
     </span>
     <span class='ocr_line' id='line_1_6' title="bbox 143 1181 1229 1276; baseline -0.002 -20"><span class='ocrx_word' id='word_1_37' title='bbox 143 1181 317 1276; x_wconf 72' lang='lat' dir='ltr'>Apollinis</span> <span class='ocrx_word' id='word_1_38' title='bbox 328 1181 516 1256; x_wconf 85' lang='lat' dir='ltr'><strong>satisfieret</strong></span> <span class='ocrx_word' id='word_1_39' title='bbox 531 1181 575 1252; x_wconf 89' lang='lat' dir='ltr'><strong>de</strong></span> <span class='ocrx_word' id='word_1_40' title='bbox 588 1183 733 1254; x_wconf 88' lang='lat' dir='ltr'><strong>nomine</strong></span> <span class='ocrx_word' id='word_1_41' title='bbox 751 1183 919 1274; x_wconf 73' lang='lat' dir='ltr'><strong>stipitum,</strong></span> <span class='ocrx_word' id='word_1_42' title='bbox 936 1197 1076 1256; x_wconf 85' lang='lat' dir='ltr'><strong>remoto</strong></span> <span class='ocrx_word' id='word_1_43' title='bbox 1092 1187 1229 1256; x_wconf 84' lang='lat' dir='ltr'><strong>scelere</strong></span> 
     </span>
     <span class='ocr_line' id='line_1_7' title="bbox 143 1296 1228 1412; baseline 0.001 -26"><span class='ocrx_word' id='word_1_44' title='bbox 143 1315 307 1393; x_wconf 69' lang='lat' dir='ltr'><strong>udaeam</strong></span> <span class='ocrx_word' id='word_1_45' title='bbox 321 1317 628 1388; x_wconf 85' lang='lat' dir='ltr'><strong>sacrificationis.“</strong></span> <span class='ocrx_word' id='word_1_46' title='bbox 654 1317 711 1388; x_wconf 92' lang='lat' dir='ltr'><strong>De</strong></span> <span class='ocrx_word' id='word_1_47' title='bbox 726 1318 799 1387; x_wconf 86' lang='lat' dir='ltr'><strong>ritu</strong></span> <span class='ocrx_word' id='word_1_48' title='bbox 813 1296 917 1406; x_wconf 46' lang='lat' dir='ltr'><strong>veroj</strong></span> <span class='ocrx_word' id='word_1_49' title='bbox 932 1317 1006 1390; x_wconf 84' lang='lat' dir='ltr'><strong>allii</strong></span> <span class='ocrx_word' id='word_1_50' title='bbox 1020 1321 1135 1412; x_wconf 87' lang='lat' dir='ltr'><strong>capite</strong></span> <span class='ocrx_word' id='word_1_51' title='bbox 1153 1320 1228 1388; x_wconf 87' lang='lat' dir='ltr'><strong>lul-</strong></span> 
     </span>
     <span class='ocr_line' id='line_1_8' title="bbox 143 1449 1226 1564; baseline 0 -44"><span class='ocrx_word' id='word_1_52' title='bbox 143 1452 263 1543; x_wconf 79' lang='lat' dir='ltr'><strong>gurita</strong></span> <span class='ocrx_word' id='word_1_53' title='bbox 283 1451 469 1564; x_wconf 72' lang='lat' dir='ltr'><strong>expiandi,</strong></span> <span class='ocrx_word' id='word_1_54' title='bbox 493 1449 621 1522; x_wconf 87' lang='lat' dir='ltr'><strong>Numae</strong></span> <span class='ocrx_word' id='word_1_55' title='bbox 637 1451 816 1543; x_wconf 85' lang='lat' dir='ltr'><strong>Pompilio</strong></span> <span class='ocrx_word' id='word_1_56' title='bbox 836 1477 857 1524; x_wconf 87' lang='lat' dir='ltr'><strong>s</strong></span> <span class='ocrx_word' id='word_1_57' title='bbox 879 1453 962 1528; x_wconf 81' lang='lat' dir='ltr'><strong>love</strong></span> <span class='ocrx_word' id='word_1_58' title='bbox 981 1455 1129 1564; x_wconf 52' lang='lat' dir='ltr'><strong>tradito)</strong></span> <span class='ocrx_word' id='word_1_59' title='bbox 1155 1453 1226 1524; x_wconf 84' lang='lat' dir='ltr'><strong>vid.</strong></span> 
     </span>
    </p>
   </div>
   <div class='ocr_carea' id='block_1_2' title="bbox 140 1584 1300 1668">
    <p class='ocr_par' dir='ltr' id='par_1_2' title="bbox 140 1584 1300 1668">
     <span class='ocr_line' id='line_1_9' title="bbox 140 1584 1300 1668; baseline 0 -12"><span class='ocrx_word' id='word_1_60' title='bbox 140 1584 277 1668; x_wconf 74' lang='lat' dir='ltr'><strong>Arnob.</strong></span> <span class='ocrx_word' id='word_1_61' title='bbox 300 1587 379 1660; x_wconf 82' lang='lat' dir='ltr'><strong>adv.</strong></span> <span class='ocrx_word' id='word_1_62' title='bbox 396 1587 530 1658; x_wconf 87' lang='lat' dir='ltr'><strong>Gentes</strong></span> <span class='ocrx_word' id='word_1_63' title='bbox 541 1585 563 1653; x_wconf 88' lang='lat' dir='ltr'><strong>l.</strong></span> <span class='ocrx_word' id='word_1_64' title='bbox 581 1586 614 1654; x_wconf 88' lang='lat'><strong>5.</strong></span> <span class='ocrx_word' id='word_1_65' title='bbox 660 1585 832 1658; x_wconf 86' lang='lat' dir='ltr'><strong>Ceterum</strong></span> <span class='ocrx_word' id='word_1_66' title='bbox 848 1597 886 1659; x_wconf 86' lang='lat' dir='ltr'><strong>ut</strong></span> <span class='ocrx_word' id='word_1_67' title='bbox 901 1587 1021 1660; x_wconf 79' lang='lat' dir='ltr'><strong>lntirti</strong></span> <span class='ocrx_word' id='word_1_68' title='bbox 1038 1590 1075 1658; x_wconf 90' lang='lat' dir='ltr'><strong>in</strong></span> <span class='ocrx_word' id='word_1_69' title='bbox 1092 1585 1177 1658; x_wconf 87' lang='lat' dir='ltr'><strong>allio</strong></span> <span class='ocrx_word' id='word_1_70' title='bbox 1192 1595 1228 1656; x_wconf 92' lang='lat' dir='ltr'><strong>et</strong></span> <span class='ocrx_word' id='word_1_71' title='bbox 1295 1587 1300 1598; x_wconf 85' lang='grc'><strong>“</strong></span> 
     </span>
    </p>
   </div>
   <div class='ocr_carea' id='block_1_3' title="bbox 135 1721 1224 2488">
    <p class='ocr_par' dir='ltr' id='par_1_3' title="bbox 135 1721 1224 2488">
     <span class='ocr_line' id='line_1_10' title="bbox 140 1721 1223 1818; baseline 0.002 -28"><span class='ocrx_word' id='word_1_72' title='bbox 140 1743 229 1812; x_wconf 85' lang='lat' dir='ltr'><strong>cepe</strong></span> <span class='ocrx_word' id='word_1_73' title='bbox 244 1731 370 1816; x_wconf 84' lang='lat' dir='ltr'><strong>caput,</strong></span> <span class='ocrx_word' id='word_1_74' title='bbox 385 1721 435 1794; x_wconf 87' lang='lat' dir='ltr'><strong>ita</strong></span> <span class='ocrx_word' id='word_1_75' title='bbox 441 1721 563 1794; x_wconf 85' lang='lat' dir='ltr'><strong>Graeci</strong></span> <span class='ocrx_word' id='word_1_76' title='bbox 578 1729 733 1802; x_wconf 71' lang='grc' dir='ltr'><strong>ιιφαλην</strong></span> <span class='ocrx_word' id='word_1_77' title='bbox 746 1735 885 1812; x_wconf 87' lang='lat' dir='ltr'><strong>vocant,</strong></span> <span class='ocrx_word' id='word_1_78' title='bbox 898 1727 997 1818; x_wconf 90' lang='lat' dir='ltr'><strong>quod</strong></span> <span class='ocrx_word' id='word_1_79' title='bbox 1012 1747 1137 1796; x_wconf 86' lang='lat' dir='ltr'><strong>omnes</strong></span> <span class='ocrx_word' id='word_1_80' title='bbox 1151 1745 1223 1794; x_wconf 87' lang='lat' dir='ltr'><strong>nu-</strong></span> 
     </span>
     <span class='ocr_line' id='line_1_11' title="bbox 138 1847 1224 1954; baseline 0 -28"><span class='ocrx_word' id='word_1_81' title='bbox 138 1847 525 1954; x_wconf 78' lang='lat' dir='ltr'><strong>deoscomprehe&#39;ndir,</strong></span> <span class='ocrx_word' id='word_1_82' title='bbox 541 1855 733 1950; x_wconf 90' lang='lat' dir='ltr'><strong>aliquando</strong></span> <span class='ocrx_word' id='word_1_83' title='bbox 742 1867 905 1928; x_wconf 88' lang='lat' dir='ltr'><strong>tamenet</strong></span> <span class='ocrx_word' id='word_1_84' title='bbox 912 1856 1081 1934; x_wconf 83' lang='lat' dir='ltr'><strong>nucleum</strong></span> <span class='ocrx_word' id='word_1_85' title='bbox 1097 1859 1224 1944; x_wconf 85' lang='lat' dir='ltr'><strong>sotum,</strong></span> 
     </span>
     <span class='ocr_line' id='line_1_12' title="bbox 138 1961 1222 2090; baseline -0.002 -32"><span class='ocrx_word' id='word_1_86' title='bbox 138 1961 246 2090; x_wconf 76' lang='lat' dir='ltr'><strong>quem</strong></span> <span class='ocrx_word' id='word_1_87' title='bbox 262 1998 421 2074; x_wconf 71' lang='grc' dir='ltr'><strong>γελγιδα,</strong></span> <span class='ocrx_word' id='word_1_88' title='bbox 445 1999 587 2075; x_wconf 65' lang='lat' dir='ltr'><strong>tylae«.</strong></span> <span class='ocrx_word' id='word_1_89' title='bbox 611 2021 748 2070; x_wconf 71' lang='lat' dir='ltr'><strong>eoa-ov,</strong></span> <span class='ocrx_word' id='word_1_90' title='bbox 766 2003 800 2062; x_wconf 88' lang='lat' dir='ltr'><strong>et</strong></span> <span class='ocrx_word' id='word_1_91' title='bbox 814 2002 908 2074; x_wconf 67' lang='lat' dir='ltr'><strong>(tara</strong></span> <span class='ocrx_word' id='word_1_92' title='bbox 919 1995 1098 2064; x_wconf 83' lang='lat' dir='ltr'><strong>dixerunt.</strong></span> <span class='ocrx_word' id='word_1_93' title='bbox 1143 1989 1222 2060; x_wconf 80' lang='lat' dir='ltr'><strong>Ter.</strong></span> 
     </span>
     <span class='ocr_line' id='line_1_13' title="bbox 135 2121 1224 2222; baseline -0.004 -28"><span class='ocrx_word' id='word_1_94' title='bbox 135 2121 339 2198; x_wconf 84' lang='lat' dir='ltr'><strong>Numerum</strong></span> <span class='ocrx_word' id='word_1_95' title='bbox 349 2125 551 2198; x_wconf 80' lang='lat' dir='ltr'><strong>ternarium</strong></span> <span class='ocrx_word' id='word_1_96' title='bbox 565 2128 734 2214; x_wconf 76' lang='lat' dir='ltr'><strong>insectis,</strong></span> <span class='ocrx_word' id='word_1_97' title='bbox 747 2129 931 2222; x_wconf 80' lang='lat' dir='ltr'><strong>praecipue</strong></span> <span class='ocrx_word' id='word_1_98' title='bbox 945 2129 982 2200; x_wconf 81' lang='lat' dir='ltr'><strong>iri</strong></span> <span class='ocrx_word' id='word_1_99' title='bbox 997 2123 1224 2198; x_wconf 83' lang='lat' dir='ltr'><strong>lustrationi-</strong></span> 
     </span>
     <span class='ocr_line' id='line_1_14' title="bbox 135 2255 1222 2353; baseline 0.003 -26"><span class='ocrx_word' id='word_1_100' title='bbox 135 2255 215 2346; x_wconf 88' lang='lat' dir='ltr'><strong>bus,</strong></span> <span class='ocrx_word' id='word_1_101' title='bbox 237 2257 463 2352; x_wconf 81' lang='lat' dir='ltr'><strong>frequentem</strong></span> <span class='ocrx_word' id='word_1_102' title='bbox 480 2283 577 2348; x_wconf 86' lang='lat' dir='ltr'><strong>esse,</strong></span> <span class='ocrx_word' id='word_1_103' title='bbox 602 2262 756 2332; x_wconf 84' lang='lat' dir='ltr'><strong>vidimus</strong></span> <span class='ocrx_word' id='word_1_104' title='bbox 775 2282 807 2346; x_wconf 80' lang='lat' dir='ltr'><strong>r,</strong></span> <span class='ocrx_word' id='word_1_105' title='bbox 829 2261 882 2332; x_wconf 81' lang='lat'><strong>16.</strong></span> <span class='ocrx_word' id='word_1_106' title='bbox 899 2261 942 2332; x_wconf 88' lang='lat' dir='ltr'><strong>cs.</strong></span> <span class='ocrx_word' id='word_1_107' title='bbox 954 2262 1056 2353; x_wconf 82' lang='lat' dir='ltr'><strong>Virg&#39;.</strong></span> <span class='ocrx_word' id='word_1_108' title='bbox 1069 2261 1151 2330; x_wconf 84' lang='lat' dir='ltr'><strong>AEn.</strong></span> <span class='ocrx_word' id='word_1_109' title='bbox 1167 2282 1222 2342; x_wconf 88' lang='lat'><strong>11,</strong></span> 
     </span>
     <span class='ocr_line' id='line_1_15' title="bbox 136 2355 845 2488; baseline 0 -24"><span class='ocrx_word' id='word_1_110' title='bbox 136 2355 219 2464; x_wconf 61' lang='grc' dir='ltr'><strong>Ι188.</strong></span> <span class='ocrx_word' id='word_1_111' title='bbox 269 2393 345 2468; x_wconf 85' lang='lat' dir='ltr'><strong>Pro</strong></span> <span class='ocrx_word' id='word_1_112' title='bbox 362 2405 419 2468; x_wconf 79' lang='lat' dir='ltr'><strong>ter</strong></span> <span class='ocrx_word' id='word_1_113' title='bbox 433 2395 510 2464; x_wconf 86' lang='lat' dir='ltr'><strong>cod.</strong></span> <span class='ocrx_word' id='word_1_114' title='bbox 528 2395 744 2488; x_wconf 86' lang='lat' dir='ltr'><strong>Tigurinus:</strong></span> <span class='ocrx_word' id='word_1_115' title='bbox 771 2395 845 2464; x_wconf 88' lang='lat' dir='ltr'><strong>tibi.</strong></span> 
     </span>
    </p>
   </div>
   <div class='ocr_carea' id='block_1_4' title="bbox 130 2652 1221 3020">
    <p class='ocr_par' dir='ltr' id='par_1_4' title="bbox 130 2652 1221 3020">
     <span class='ocr_line' id='line_1_16' title="bbox 147 2652 1220 2756; baseline -0.002 -26"><span class='ocrx_word' id='word_1_116' title='bbox 147 2732 152 2756; x_wconf 42' lang='grc' dir='ltr'>ι</span> <span class='ocrx_word' id='word_1_117' title='bbox 206 2659 440 2732; x_wconf 75' lang='lat' dir='ltr'><strong>casaubonus</strong></span> <span class='ocrx_word' id='word_1_118' title='bbox 452 2665 655 2732; x_wconf 73' lang='lat' dir='ltr'><strong>sacerdotes</strong></span> <span class='ocrx_word' id='word_1_119' title='bbox 667 2665 825 2754; x_wconf 78' lang='lat' dir='ltr'><strong>Cybeles</strong></span> <span class='ocrx_word' id='word_1_120' title='bbox 840 2672 877 2730; x_wconf 83' lang='lat' dir='ltr'><strong>ct</strong></span> <span class='ocrx_word' id='word_1_121' title='bbox 890 2661 1011 2746; x_wconf 80' lang='lat' dir='ltr'><strong>Isidis,</strong></span> <span class='ocrx_word' id='word_1_122' title='bbox 1036 2669 1077 2728; x_wconf 90' lang='lat' dir='ltr'><strong>ut</strong></span> <span class='ocrx_word' id='word_1_123' title='bbox 1096 2652 1220 2729; x_wconf 74' lang='lat' dir='ltr'><strong>nostri)</strong></span> 
     </span>
     <span class='ocr_line' id='line_1_17' title="bbox 132 2790 1221 2886; baseline 0.003 -26"><span class='ocrx_word' id='word_1_124' title='bbox 132 2790 226 2876; x_wconf 84' lang='lat' dir='ltr'><strong>loco,</strong></span> <span class='ocrx_word' id='word_1_125' title='bbox 245 2791 353 2860; x_wconf 81' lang='lat' dir='ltr'><strong>etism</strong></span> <span class='ocrx_word' id='word_1_126' title='bbox 370 2792 454 2862; x_wconf 84' lang='lat' dir='ltr'><strong>alibi</strong></span> <span class='ocrx_word' id='word_1_127' title='bbox 468 2793 581 2886; x_wconf 82' lang='lat' dir='ltr'><strong>iungi,</strong></span> <span class='ocrx_word' id='word_1_128' title='bbox 605 2805 705 2864; x_wconf 89' lang='lat' dir='ltr'><strong>recte</strong></span> <span class='ocrx_word' id='word_1_129' title='bbox 722 2795 933 2866; x_wconf 81' lang='lat' dir='ltr'><strong>observavit.</strong></span> <span class='ocrx_word' id='word_1_130' title='bbox 985 2796 1036 2864; x_wconf 86' lang='lat' dir='ltr'><strong>Its</strong></span> <span class='ocrx_word' id='word_1_131' title='bbox 1051 2793 1089 2862; x_wconf 91' lang='lat' dir='ltr'><strong>in</strong></span> <span class='ocrx_word' id='word_1_132' title='bbox 1103 2795 1221 2866; x_wconf 78' lang='lat' dir='ltr'><strong>vivida</strong></span> 
     </span>
     <span class='ocr_line' id='line_1_18' title="bbox 130 2923 1216 3020; baseline 0.004 -26"><span class='ocrx_word' id='word_1_133' title='bbox 130 2923 195 3000; x_wconf 78' lang='lat' dir='ltr'><strong>illu</strong></span> <span class='ocrx_word' id='word_1_134' title='bbox 205 2923 470 3016; x_wconf 75' lang='lat' dir='ltr'><strong>superstitionis</strong></span> <span class='ocrx_word' id='word_1_135' title='bbox 487 2925 661 2998; x_wconf 81' lang='lat' dir='ltr'><strong>Romanae</strong></span> <span class='ocrx_word' id='word_1_136' title='bbox 675 2927 916 3020; x_wconf 83' lang='lat' dir='ltr'><strong>descriptione</strong></span> <span class='ocrx_word' id='word_1_137' title='bbox 931 2928 1086 3000; x_wconf 78' lang='lat' dir='ltr'><strong>quenal.</strong></span> <span class='ocrx_word' id='word_1_138' title='bbox 1103 2925 1137 3012; x_wconf 89' lang='lat'><strong>6,</strong></span> <span class='ocrx_word' id='word_1_139' title='bbox 1147 2927 1187 2996; x_wconf 81' lang='lat'><strong>51</strong></span> <span class='ocrx_word' id='word_1_140' title='bbox 1202 2951 1216 2998; x_wconf 86' lang='grc' dir='ltr'>ι</span> 
     </span>
    </p>
   </div>
   <div class='ocr_carea' id='block_1_5' title="bbox 132 3057 1281 3154">
    <p class='ocr_par' dir='ltr' id='par_1_5' title="bbox 132 3057 1281 3154">
     <span class='ocr_line' id='line_1_19' title="bbox 132 3057 1281 3154; baseline -0.004 -22"><span class='ocrx_word' id='word_1_141' title='bbox 132 3083 182 3153; x_wconf 86' lang='lat' dir='ltr'><strong>sq.</strong></span> <span class='ocrx_word' id='word_1_142' title='bbox 203 3070 239 3132; x_wconf 89' lang='lat' dir='ltr'><strong>ct</strong></span> <span class='ocrx_word' id='word_1_143' title='bbox 264 3059 362 3152; x_wconf 82' lang='lat' dir='ltr'><strong>apud</strong></span> <span class='ocrx_word' id='word_1_144' title='bbox 377 3059 550 3131; x_wconf 78' lang='lat' dir='ltr'><strong>Senecam</strong></span> <span class='ocrx_word' id='word_1_145' title='bbox 570 3083 682 3154; x_wconf 85' lang='lat' dir='ltr'><strong>supra</strong></span> <span class='ocrx_word' id='word_1_146' title='bbox 705 3061 849 3132; x_wconf 85' lang='lat' dir='ltr'><strong>citatrun</strong></span> <span class='ocrx_word' id='word_1_147' title='bbox 871 3063 917 3132; x_wconf 84' lang='lat' dir='ltr'><strong>de</strong></span> <span class='ocrx_word' id='word_1_148' title='bbox 936 3063 1046 3134; x_wconf 84' lang='lat' dir='ltr'><strong>Beata</strong></span> <span class='ocrx_word' id='word_1_149' title='bbox 1060 3057 1144 3130; x_wconf 85' lang='lat' dir='ltr'><strong>Vita</strong></span> <span class='ocrx_word' id='word_1_150' title='bbox 1162 3084 1218 3152; x_wconf 70' lang='lat'><strong>27,</strong></span> <span class='ocrx_word' id='word_1_151' title='bbox 1278 3135 1281 3144; x_wconf 30' lang='lat'>¹</span> 
     </span>
    </p>
   </div>
   <div class='ocr_carea' id='block_1_6' title="bbox 85 3193 1219 4112">
    <p class='ocr_par' dir='ltr' id='par_1_6' title="bbox 85 3193 1219 4112">
     <span class='ocr_line' id='line_1_20' title="bbox 136 3193 1218 3288; baseline -0.001 -24"><span class='ocrx_word' id='word_1_152' title='bbox 136 3217 171 3264; x_wconf 89' lang='lat' dir='ltr'><strong>r:</strong></span> <span class='ocrx_word' id='word_1_153' title='bbox 198 3193 315 3284; x_wconf 85' lang='lat' dir='ltr'><strong>„Cum</strong></span> <span class='ocrx_word' id='word_1_154' title='bbox 328 3194 475 3266; x_wconf 83' lang='lat' dir='ltr'><strong>sistrum</strong></span> <span class='ocrx_word' id='word_1_155' title='bbox 491 3193 620 3288; x_wconf 87' lang='lat' dir='ltr'><strong>aliquis</strong></span> <span class='ocrx_word' id='word_1_156' title='bbox 634 3195 839 3268; x_wconf 85' lang='lat' dir='ltr'><strong>concutiens</strong></span> <span class='ocrx_word' id='word_1_157' title='bbox 854 3217 900 3266; x_wconf 86' lang='lat' dir='ltr'><strong>ex</strong></span> <span class='ocrx_word' id='word_1_158' title='bbox 916 3195 1070 3288; x_wconf 86' lang='lat' dir='ltr'><strong>imperio</strong></span> <span class='ocrx_word' id='word_1_159' title='bbox 1082 3197 1218 3266; x_wconf 90' lang='lat' dir='ltr'><strong>menti-</strong></span> 
     </span>
     <span class='ocr_line' id='line_1_21' title="bbox 85 3327 1219 3424; baseline 0.004 -26"><span class='ocrx_word' id='word_1_160' title='bbox 85 3365 93 3380; x_wconf 82' lang='lat'><strong>·</strong></span> <span class='ocrx_word' id='word_1_161' title='bbox 131 3337 212 3416; x_wconf 84' lang='lat' dir='ltr'><strong>tur;</strong></span> <span class='ocrx_word' id='word_1_162' title='bbox 237 3353 321 3400; x_wconf 87' lang='lat' dir='ltr'><strong>cum</strong></span> <span class='ocrx_word' id='word_1_163' title='bbox 344 3330 474 3424; x_wconf 83' lang='lat' dir='ltr'><strong>aliquis</strong></span> <span class='ocrx_word' id='word_1_164' title='bbox 494 3330 638 3401; x_wconf 80' lang='lat' dir='ltr'><strong>secundi</strong></span> <span class='ocrx_word' id='word_1_165' title='bbox 659 3327 812 3400; x_wconf 89' lang='lat' dir='ltr'><strong>lacertos</strong></span> <span class='ocrx_word' id='word_1_166' title='bbox 827 3353 912 3400; x_wconf 87' lang='lat' dir='ltr'><strong>suos</strong></span> <span class='ocrx_word' id='word_1_167' title='bbox 926 3329 1057 3402; x_wconf 82' lang='lat' dir='ltr'><strong>artifex</strong></span> <span class='ocrx_word' id='word_1_168' title='bbox 1071 3330 1219 3402; x_wconf 88' lang='lat' dir='ltr'><strong>brachia</strong></span> 
     </span>
     <span class='ocr_line' id='line_1_22' title="bbox 129 3463 1217 3562; baseline -0.002 -24"><span class='ocrx_word' id='word_1_169' title='bbox 129 3477 236 3562; x_wconf 87' lang='lat' dir='ltr'><strong>atque</strong></span> <span class='ocrx_word' id='word_1_170' title='bbox 257 3463 431 3538; x_wconf 78' lang='lat' dir='ltr'><strong>humeros</strong></span> <span class='ocrx_word' id='word_1_171' title='bbox 451 3487 622 3558; x_wconf 83' lang='lat' dir='ltr'><strong>suspensa</strong></span> <span class='ocrx_word' id='word_1_172' title='bbox 644 3487 755 3536; x_wconf 86' lang='lat' dir='ltr'><strong>manu</strong></span> <span class='ocrx_word' id='word_1_173' title='bbox 777 3477 959 3558; x_wconf 89' lang='lat' dir='ltr'><strong>cruentat;</strong></span> <span class='ocrx_word' id='word_1_174' title='bbox 991 3489 1072 3538; x_wconf 89' lang='lat' dir='ltr'><strong>cum</strong></span> <span class='ocrx_word' id='word_1_175' title='bbox 1089 3465 1217 3558; x_wconf 85' lang='lat' dir='ltr'><strong>aliquis</strong></span> 
     </span>
     <span class='ocr_line' id='line_1_23' title="bbox 129 3581 1215 3697; baseline -0.004 -23"><span class='ocrx_word' id='word_1_176' title='bbox 129 3581 279 3697; x_wconf 62' lang='lat' dir='ltr'><strong>genibus</strong></span> <span class='ocrx_word' id='word_1_177' title='bbox 298 3623 367 3696; x_wconf 85' lang='lat' dir='ltr'><strong>per</strong></span> <span class='ocrx_word' id='word_1_178' title='bbox 388 3601 483 3676; x_wconf 76' lang='lat' dir='ltr'><strong>riam</strong></span> <span class='ocrx_word' id='word_1_179' title='bbox 505 3623 636 3694; x_wconf 87' lang='lat' dir='ltr'><strong>repens</strong></span> <span class='ocrx_word' id='word_1_180' title='bbox 659 3599 789 3689; x_wconf 86' lang='lat' dir='ltr'><strong>ululat,</strong></span> <span class='ocrx_word' id='word_1_181' title='bbox 812 3599 1215 3694; x_wconf 83' lang='lat' dir='ltr'><strong>laurumquedinteotus</strong></span> 
     </span>
     <span class='ocr_line' id='line_1_24' title="bbox 129 3703 1214 3830; baseline -0.004 -24"><span class='ocrx_word' id='word_1_182' title='bbox 129 3761 257 3826; x_wconf 83' lang='lat' dir='ltr'><strong>senex,</strong></span> <span class='ocrx_word' id='word_1_183' title='bbox 282 3747 319 3808; x_wconf 91' lang='lat' dir='ltr'><strong>et</strong></span> <span class='ocrx_word' id='word_1_184' title='bbox 341 3739 462 3808; x_wconf 88' lang='lat' dir='ltr'><strong>medio</strong></span> <span class='ocrx_word' id='word_1_185' title='bbox 487 3736 672 3806; x_wconf 84' lang='lat' dir='ltr'><strong>lucernam</strong></span> <span class='ocrx_word' id='word_1_186' title='bbox 695 3736 753 3806; x_wconf 86' lang='lat' dir='ltr'><strong>die</strong></span> <span class='ocrx_word' id='word_1_187' title='bbox 770 3734 985 3830; x_wconf 76' lang='lat' dir='ltr'><strong>praeferens,</strong></span> <span class='ocrx_word' id='word_1_188' title='bbox 1005 3703 1214 3820; x_wconf 78' lang='lat' dir='ltr'><strong>conclamat,</strong></span> 
     </span>
     <span class='ocr_line' id='line_1_25' title="bbox 128 3869 1216 3964; baseline 0.002 -26"><span class='ocrx_word' id='word_1_189' title='bbox 128 3871 261 3942; x_wconf 85' lang='lat' dir='ltr'><strong>iratum</strong></span> <span class='ocrx_word' id='word_1_190' title='bbox 276 3869 432 3964; x_wconf 87' lang='lat' dir='ltr'><strong>aliquem</strong></span> <span class='ocrx_word' id='word_1_191' title='bbox 445 3873 628 3957; x_wconf 86' lang='lat' dir='ltr'><strong>Deorum,</strong></span> <span class='ocrx_word' id='word_1_192' title='bbox 650 3872 862 3942; x_wconf 85' lang='lat' dir='ltr'><strong>concurritis</strong></span> <span class='ocrx_word' id='word_1_193' title='bbox 878 3881 913 3939; x_wconf 90' lang='lat' dir='ltr'><strong>et</strong></span> <span class='ocrx_word' id='word_1_194' title='bbox 927 3870 1074 3958; x_wconf 86' lang='lat' dir='ltr'><strong>auditis,</strong></span> <span class='ocrx_word' id='word_1_195' title='bbox 1100 3879 1137 3939; x_wconf 92' lang='lat' dir='ltr'><strong>et</strong></span> <span class='ocrx_word' id='word_1_196' title='bbox 1153 3869 1216 3940; x_wconf 86' lang='lat' dir='ltr'><strong>di·</strong></span> 
     </span>
     <span class='ocr_line' id='line_1_26' title="bbox 127 3991 1212 4112; baseline 0 -36"><span class='ocrx_word' id='word_1_197' title='bbox 127 4007 250 4112; x_wconf 79' lang='lat' dir='ltr'><strong>uinum¹</strong></span> <span class='ocrx_word' id='word_1_198' title='bbox 274 4030 352 4080; x_wconf 85' lang='lat' dir='ltr'><strong>esse</strong></span> <span class='ocrx_word' id='word_1_199' title='bbox 375 4031 479 4094; x_wconf 88' lang='lat' dir='ltr'><strong>eum,</strong></span> <span class='ocrx_word' id='word_1_200' title='bbox 504 4007 660 4078; x_wconf 82' lang='lat' dir='ltr'><strong>invicem</strong></span> <span class='ocrx_word' id='word_1_201' title='bbox 682 4018 846 4076; x_wconf 89' lang='lat' dir='ltr'><strong>mutuum</strong></span> <span class='ocrx_word' id='word_1_202' title='bbox 869 4004 1002 4074; x_wconf 86' lang='lat' dir='ltr'><strong>alentes</strong></span> <span class='ocrx_word' id='word_1_203' title='bbox 1018 3991 1212 4098; x_wconf 79' lang='lat' dir='ltr'><strong>stuporem,</strong></span> 
     </span>
    </p>
   </div>
   <div class='ocr_carea' id='block_1_7' title="bbox 1 4113 1279 4382">
    <p class='ocr_par' dir='ltr' id='par_1_7' title="bbox 1 4113 1279 4382">
     <span class='ocr_line' id='line_1_27' title="bbox 1 4113 1213 4228; baseline 0.002 -17"><span class='ocrx_word' id='word_1_204' title='bbox 1 4183 2 4188; x_wconf 21' lang='grc' dir='ltr'><strong>κ</strong></span> <span class='ocrx_word' id='word_1_205' title='bbox 127 4113 348 4212; x_wconf 79' lang='lat' dir='ltr'><strong>affiruiatis.“</strong></span> <span class='ocrx_word' id='word_1_206' title='bbox 399 4140 471 4210; x_wconf 87' lang='lat' dir='ltr'><strong>Sed</strong></span> <span class='ocrx_word' id='word_1_207' title='bbox 493 4139 617 4212; x_wconf 88' lang='lat' dir='ltr'><strong>Gallos</strong></span> <span class='ocrx_word' id='word_1_208' title='bbox 643 4143 750 4213; x_wconf 87' lang='lat' dir='ltr'><strong>etiam</strong></span> <span class='ocrx_word' id='word_1_209' title='bbox 773 4139 938 4211; x_wconf 88' lang='lat' dir='ltr'><strong>hocloco</strong></span> <span class='ocrx_word' id='word_1_210' title='bbox 956 4139 1045 4228; x_wconf 81' lang='lat' dir='ltr'><strong>dici,</strong></span> <span class='ocrx_word' id='word_1_211' title='bbox 1070 4143 1132 4214; x_wconf 76' lang='lat' dir='ltr'><strong>vix</strong></span> <span class='ocrx_word' id='word_1_212' title='bbox 1151 4142 1213 4214; x_wconf 94' lang='lat' dir='ltr'><strong>in-</strong></span> 
     </span>
     <span class='ocr_line' id='line_1_28' title="bbox 97 4266 1279 4382; baseline 0.002 -36"><span class='ocrx_word' id='word_1_213' title='bbox 97 4279 234 4382; x_wconf 55' lang='lat' dir='ltr'><strong>‚stulti</strong></span> <span class='ocrx_word' id='word_1_214' title='bbox 258 4277 409 4372; x_wconf 89' lang='lat' dir='ltr'><strong>poterit,</strong></span> <span class='ocrx_word' id='word_1_215' title='bbox 434 4277 503 4346; x_wconf 88' lang='lat' dir='ltr'><strong>nisi</strong></span> <span class='ocrx_word' id='word_1_216' title='bbox 527 4277 653 4348; x_wconf 89' lang='lat' dir='ltr'><strong>collato</strong></span> <span class='ocrx_word' id='word_1_217' title='bbox 676 4277 896 4362; x_wconf 87' lang='lat' dir='ltr'><strong>Prudentio,</strong></span> <span class='ocrx_word' id='word_1_218' title='bbox 927 4279 1125 4372; x_wconf 86' lang='lat' dir='ltr'><strong>Peristeph.</strong></span> <span class='ocrx_word' id='word_1_219' title='bbox 1155 4303 1212 4368; x_wconf 83' lang='lat'><strong>10,</strong></span> <span class='ocrx_word' id='word_1_220' title='bbox 1275 4266 1279 4286; x_wconf 58' lang='lat'>⁸</span> 
     </span>
    </p>
   </div>
   <div class='ocr_carea' id='block_1_8' title="bbox 126 4400 1211 4509">
    <p class='ocr_par' dir='ltr' id='par_1_8' title="bbox 126 4400 1211 4509">
     <span class='ocr_line' id='line_1_29' title="bbox 126 4400 1211 4509; baseline -0.002 -21"><span class='ocrx_word' id='word_1_221' title='bbox 126 4405 233 4488; x_wconf 81' lang='lat'><strong>1061.</strong></span> <span class='ocrx_word' id='word_1_222' title='bbox 261 4417 324 4492; x_wconf 90' lang='lat' dir='ltr'><strong>ubi</strong></span> <span class='ocrx_word' id='word_1_223' title='bbox 338 4400 454 4486; x_wconf 82' lang='lat' dir='ltr'><strong>cultus</strong></span> <span class='ocrx_word' id='word_1_224' title='bbox 471 4412 644 4509; x_wconf 83' lang='lat' dir='ltr'><strong>Cybeles,</strong></span> <span class='ocrx_word' id='word_1_225' title='bbox 669 4439 690 4486; x_wconf 84' lang='lat' dir='ltr'><strong>a</strong></span> <span class='ocrx_word' id='word_1_226' title='bbox 705 4413 863 4484; x_wconf 78' lang='lat' dir='ltr'><strong>castratis</strong></span> <span class='ocrx_word' id='word_1_227' title='bbox 880 4415 1124 4488; x_wconf 79' lang='lat' dir='ltr'><strong>sacerdotibus</strong></span> <span class='ocrx_word' id='word_1_228' title='bbox 1141 4437 1211 4486; x_wconf 89' lang='lat' dir='ltr'><strong>ne-</strong></span> 
     </span>
    </p>
   </div>
   <div class='ocr_carea' id='block_1_9' title="bbox 0 0 1474 5208">
    <p class='ocr_par' dir='ltr' id='par_1_9' title="bbox 0 0 1474 5208">
     <span class='ocr_line' id='line_1_30' title="bbox 0 0 1474 5208; baseline 0 7"><span class='ocrx_word' id='word_1_229' title='bbox 0 0 1474 5208; x_wconf 95' lang='lat' dir='ltr'><strong> </strong></span> 
     </span>
    </p>
   </div>
   <div class='ocr_carea' id='block_1_10' title="bbox 1428 4837 1445 5016">
    <p class='ocr_par' dir='ltr' id='par_1_10' title="bbox 1428 4837 1445 5016">
     <span class='ocr_line' id='line_1_31' title="bbox 1428 4837 1445 5016; baseline 0 0"><span class='ocrx_word' id='word_1_230' title='bbox 1428 4837 1445 5016; x_wconf 91' lang='lat' dir='ltr'><strong>l</strong></span> 
     </span>
    </p>
   </div>
  </div>
 </body>
</html>
