3046 5206
539 403 542 423 ¹
592 385 934 482 str.111.,94'-96;
1235 402 1305 492 695

286 671 348 762 94.
402 665 512 738 Nihil
533 677 598 736 est.
652 663 750 758 „Qui
779 665 819 736 in
849 666 952 757 gravi
980 668 1109 738 morbo
1140 673 1305 748 dolorem

212 825 288 880 non
303 799 428 888 sentit,
453 800 491 872 in
513 800 577 874 illo
596 823 679 894 spes
696 799 855 880 smitam
871 799 1002 902 exigua
1016 811 1088 896 est,
1114 811 1176 877 eut
1187 827 1304 900 prope

213 937 346 1014 nullo.“
395 934 645 1028 Hippocrates.
963 953 965 958 '

286 1137 346 1231 95.
397 1135 485 1206 cod.
509 1133 591 1228 Tig.
616 1135 745 1224 „tacite
759 1136 911 1230 surgit“
959 1135 1103 1212 Pellem
1126 1127 1148 1210 e
1172 1141 1303 1230 „cute“

211 1271 434 1362 distinguere
451 1267 596 1340 videtur
613 1269 771 1358 Persius,
785 1281 826 1340 ut
837 1271 1013 1344 Iuvenalis
1033 1296 1089 1358 ro,
1101 1297 1181 1367 ¹92·
1209 1277 1301 1348 Haeo

211 1407 324 1496 senis,
347 1401 411 1476 ille
425 1402 569 1518 egrotis
584 1413 621 1476 et
635 1403 780 1497 quidem
793 1402 1004 1500 hydropicis
1022 1407 1201 1478 convenit.

286 1603 345 1700 96.
372 1625 430 1714 97.
484 1565 542 1675 Ne
562 1603 613 1673 sis
627 1603 721 1676 milri
738 1615 848 1676 tutor.
899 1604 1063 1720 „littom
1090 1610 1152 1705 qui
1172 1609 1301 1703 pupil-

210 1739 289 1816 lum
306 1749 445 1828 tuetur,
470 1737 506 1808 h.
530 1761 561 1817 e.
585 1737 764 1832 intuetur,
798 1741 844 1812 de
873 1761 946 1844 quo
974 1741 1014 1814 in
1039 1740 1323 1842 cousuetudiuo‘

1282 1869 1289 1902 t

210 1947 503 1978 etr—mn

290 2119 458 2202 fluviisque
471 2119 625 2202 proximis
640 2121 672 2182 in
688 2123 798 2184 urbem
815 2124 967 2190 ducendis
982 2123 1130 2196 stitutum
1143 2139 1197 2192 est.
1224 2127 1297 2189 Lir.
1368 2127 1371 2134 '

295 2246 325 2306 9,
342 2246 393 2307 29.
417 2227 499 2291 Ptin.
516 2229 558 2292 Η.
575 2229 616 2290 N.
628 2225 678 2303 36,
698 2231 746 2291 15.
772 2231 883 2292 Balnea
897 2234 1023 2314 publice
1036 2247 1066 2296 et
1082 2234 1203 2318 private
1218 2253 1294 2314 pro-

207 2416 212 2423 ·
292 2332 423 2394 cedente
439 2343 579 2414 tompore
596 2331 674 2396 adeo
687 2334 899 2410 invaluerunt,
922 2349 958 2399 ut
972 2361 990 2398 e
1007 2349 1070 2400 tota
1086 2339 1212 2404 civitate
1224 2359 1295 2398 om-

289 2435 439 2517 niumque
456 2435 605 2500 ordinum
629 2439 813 2502 homiuibus
832 2441 961 2522 singulis
984 2443 1095 2506 dicbus
1112 2445 1295 2524 frequente·

285 2553 405 2608 rouuu.
448 2543 526 2606 Post
545 2541 638 2607 initio
659 2547 715 2610 diu
727 2547 897 2612 admodum
909 2558 1037 2626 angusta
1052 2549 1182 2610 luerunt
1197 2558 1229 2608 ct
1244 2557 1295 2606 te-

286 2640 467 2725 nebricosa,
487 2669 571 2724 „non
593 2651 677 2714 euius
698 2653 799 2712 calida
822 2653 1026 2726 videbantur,
1052 2652 1113 2710 nisi
1132 2652 1295 2726 obscurs,“
1393 2624 1396 2641 ¹

287 2755 416 2828 (Sonos.
432 2751 490 2829 ΕΡ.
506 2753 557 2825 86,
573 2753 619 2828 5.)
639 2756 694 2815 sed
716 2753 829 2814 deindo
847 2751 1020 2830 specularia
1036 2753 1157 2828 addita,
1177 2761 1212 2812 ut
1230 2749 1295 2810 cla'-

287 2853 443 2917 rissimsm
465 2853 672 2936 undecunque
692 2854 895 2915 admitterent
920 2853 1034 2912 tuconi.
1056 2855 1143 2914 Idem
1166 2857 1223 2938 ΕΡ.
1245 2874 1295 2933 9ο,

288 2959 338 3026 25.
352 2969 385 3020 ct
400 2957 440 3018 de
454 2957 583 3020 Prorid.
600 2962 629 3035 4,
646 2979 677 3040 9.
707 2959 808 3020 Tacts
824 2957 1008 3037 propediem
1026 2958 1297 3050 amplificabautur

287 3059 535 3142 magnificentia,
556 3074 612 3136 „ut
634 3061 765 3144 quisque
779 3081 900 3142 pauper
921 3059 982 3122 sibi
1001 3063 1162 3154 videretur
1175 3083 1211 3122 sc
1224 3083 1296 3124 sor-

288 3168 398 3243 didus,
418 3165 480 3226 nisi
502 3167 637 3248 periotes
661 3169 844 3228 balneorum
870 3165 987 3246 magnis
1002 3177 1032 3226 et
1045 3166 1188 3248 pretiosis
1206 3165 1294 3226 orbi-

245 3338 249 3348 ,
288 3275 346 3340 bus
371 3271 580 3350 refulsissent,
620 3273 682 3335 nisi
704 3271 919 3336 Alexandrino
938 3291 1094 3332 marmora
1115 3269 1294 3334 Numidicis

286 3378 401 3440 crustis
417 3377 562 3442 distinctu
577 3380 707 3443 fuissent
716 3425 726 3456 ,
748 3379 808 3441 nisi
831 3379 893 3440 iltis
916 3377 1055 3462 undique
1069 3398 1198 3460 operosa
1213 3389 1245 3438 ct
1258 3377 1292 3438 iu

286 3483 419 3566 pictura
445 3484 582 3548 modum·
600 3486 721 3548 veriats
744 3485 935 3546 circumlitio
956 3495 1199 3564 pretcxcrctur,
1231 3481 1293 3542 nisi

286 3591 371 3652 vitro
388 3589 731 3668 eorrdercturccmerc,
752 3590 814 3652 uisi
836 3609 945 3672 equam
965 3601 1109 3668 argentos
1131 3585 1293 3668 epistoniie

283 3697 466 3758 fudissent.“
487 3697 596 3766 Senoc.
612 3697 670 3776 ΕΡ.
687 3699 736 3774 86,
754 3701 783 3758 5.
812 3697 912 3757 Erant
925 3695 974 3752 vet
990 3693 1138 3754 estivalis
1155 3691 1204 3748 voi
1220 3687 1292 3779 hie»

283 3800 396 3874 melia,
422 3799 562 3880 itemque
587 3781 637 3862 ¹ttrl
662 3799 752 3878 plens
766 3801 814 3860 vel
831 3797 980 3879 pensilis,
1009 3815 1141 3874 quorum
1155 3793 1220 3852 haec
1235 3813 1290 3852 suo

284 3901 486 3967 sesoinrentu
493 3903 778 3984 troditSenecsEp.
789 3907 898 3984 90,25.
912 3899 1030 3962 Tribus
1038 3897 1189 3960 instructo
1201 3907 1291 3960 eruut

284 4006 390 4068 cellis:
422 4008 575 4085 caldoris,
602 4008 754 4090 tepidario
779 4021 811 4070 ct
830 4003 1004 4086 frigidaria.
1047 3999 1126 4063 Ptin.
1140 4001 1198 4080 ΕΡ.
1213 4003 1242 4078 5,
1258 4002 1288 4064 6.

284 4110 414 4174 vitruv.
426 4113 456 4188 5,
475 4131 523 4174 ιο.
543 4123 573 4190 8,
590 4133 620 4176 2.
643 4113 806 4176 Celebrate
821 4121 895 4174 sunt
912 4109 1021 4170 balneo
1039 4107 1182 4188 Agrippas
1191 4153 1200 4183 ,
1223 4109 1291 4168 Ne-

283 4217 452 4278 conisus.
503 4217 652 4281 Ceterum
686 4219 789 4298 qualis
812 4216 962 4277 vitiorum
985 4213 1156 4276 divorsoria
1178 4213 1290 4275 balnea
1389 4231 1393 4243 ¹

281 4319 494 4385 Romanorum
518 4325 654 4403 luerint,
676 4325 741 4390 vid.
764 4329 872 4390 Seuer.
894 4325 953 4406 ΕΡ.
978 4323 1027 4399 51,
1053 4323 1083 4384 3.
1111 4319 1238 4382 ttutiu
1262 4339 1289 4392 ι,
1347 4351 1351 4364 “

282 4429 332 4492 63.
354 4435 409 4491 &c
