3052 5202
295 429 370 500 oto
667 397 771 516 sur.
792 439 851 508 11.,
874 419 932 513 75.
947 427 1008 512 74.

297 703 482 772 honestato
495 671 747 790 generosum.“
777 695 848 768 Sed
860 695 957 767 idem
973 715 1009 783 s,
1026 697 1059 766 4.
1077 693 1185 768 habet
1195 723 1385 796 generoso,

298 849 340 906 ut
351 843 474 907 monet
488 831 647 904 Orellius
661 840 697 902 ot
709 831 849 904 Weber
870 832 918 936 ed
934 829 970 903 ln
985 832 1010 906 1.
1035 832 1132 904 uude
1149 835 1387 906 mutationem

297 971 393 1046 illan
412 968 566 1040 liberum
590 987 686 1052 esse,
711 937 916 1060 sectamque
936 988 982 1036 ex
1001 965 1078 1036 cius
1102 965 1254 1038 arbitrio
1275 981 1384 1061 patet.

296 1104 451 1178 Videtur
485 1099 634 1196 quidem
673 1099 880 1173 coniunctio
917 1101 1074 1172 duorum
1106 1101 1382 1174 adiectisorum:

178 1329 182 1336 ¹
294 1258 496 1331 „generoso
518 1233 706 1322 honesto,“
728 1243 887 1328 q‘uorum
916 1257 1029 1306 unum
1051 1235 1125 1310 vim
1145 1234 1274 1307 habeat
1293 1237 1383 1308 sub-

295 1369 451 1457 stantivi,
471 1367 659 1462 elegantiae
673 1341 813 1439 Latinoe
834 1343 954 1438 minus
971 1369 1263 1457 convenerit.
1280 1370 1383 1443 Ceus.

295 1509 437 1590 lenens.
463 1502 510 1586 A.
527 1503 571 1575 L.
595 1505 633 1574 Z.
663 1501 769 1573 1823.
794 1497 883 1593 Apr.
909 1513 945 1571 at
967 1525 1056 1574 vero
1084 1503 1152 1574 alie
1171 1499 1278 1604 huius
1299 1525 1384 1574 usus

202 1675 226 1697 ·-
297 1641 459 1734 exempla
478 1635 653 1723 inveniri,
686 1645 723 1706 et
742 1633 937 1706 honestam
952 1636 1122 1728 inprimis
1136 1635 1384 1742 irequentibus

296 1768 595 1869 philosophorum
608 1768 906 1864 disputationibus
923 1769 1132 1844 substantivi
1142 1779 1310 1844 naturam
1323 1775 1387 1844 in-

297 1911 430 2004 duere,
467 1907 562 1978 bene
584 1904 786 1980 observavit
804 1903 965 1994 Weber,
1008 1903 1109 1973 cuius
1128 1913 1248 1979 temen
1269 1929 1386 1998 argu-

296 2054 416 2116 mento
434 2040 645 2137 „egregium
659 2035 885 2130 honesturn,“
900 2063 922 2108 a
936 2041 1022 2112 Tac.
1032 2021 1126 2110 Ann.
1142 2037 1243 2130 5,7o.
1259 2040 1386 2145 petito,
1401 2091 1410 2105 ,

294 2200 380 2262 cum
401 2174 613 2266 „egregium
637 2172 848 2264 publicum“
874 2197 963 2246 vere
984 2175 1029 2243 sit
1051 2172 1176 2263 lectio,
1209 2171 1386 2244 substituo

293 2307 427 2376 Lucan.
454 2323 490 2389 Β,
512 2303 594 2396 589.
620 2303 755 2394 „rigidi
785 2303 968 2372 honesti.“
1009 2305 1176 2376 Ceterum
1194 2331 1387 2408 generoso,

292 2436 398 2512 tecto
438 2431 656 2524 Pithoeena,
713 2433 851 2504 cunctis
894 2435 1162 2528 exemplaribus
1198 2433 1388 2536 impressis

294 2580 458 2666 recepta,
509 2567 613 2642 codd.
640 2568 748 2639 etiam
769 2565 894 2640 Haun.
919 2569 1107 2660 omnibus,
1149 2570 1263 2642 Paris.
1299 2571 1384 2664 Tig.

173 2697 190 2785 ,¹
296 2715 334 2778 et
350 2703 572 2778 Hruumensi
594 2701 779 2797 probatur.
838 2667 1031 2776 Incoctuni
1049 2697 1118 2774 &c
1159 2703 1258 2794 „Cur
1284 2704 1387 2772 omni

296 2842 435 2916 virtute
450 2863 523 2912 non
537 2837 667 2914 leuiter
677 2819 849 2928 tinctum,
873 2839 937 2910 sed
956 2839 1074 2912 nativa
1086 2849 1121 2937 et
1137 2835 1297 2932 genuine
1312 2837 1385 2910 ho·-

295 2975 467 3064 nestste,“
483 2983 525 3044 nt
537 2937 773 3064 lanacoloie,
797 2973 986 3044 imbutum.
1010 2973 1182 3046 Bondius.
1199 2971 1235 3064 ⁰)
1319 2947 1345 3010 Ὗ

252 3290 259 3318 s
312 3259 343 3334 ⁴)
377 3257 505 3320 Pbrssis
516 3259 628 3322 similis
644 3259 845 3342 imperatoris
858 3257 1029 3342 Antonini,
1049 3278 1068 3318 a
1085 3259 1267 3324 casaubono
1282 3260 1382 3335 citata,

375 3362 529 3442 insignem
552 3365 646 3430 lanius
667 3363 846 3446 philosophi
870 3364 974 3424 locum
998 3363 1032 3424 in
1047 3366 1231 3426 memoriam
1248 3375 1383 3439 revocat,

377 3463 490 3546 inquo
510 3467 548 3528 de
563 3467 737 3528 attentione
755 3464 870 3526 meritis
893 3465 933 3524 sd
950 3463 1115 3526 honestum
1131 3487 1207 3526 vere
1224 3453 1382 3527 tendentis

147 3609 153 3620 ·
222 3573 262 3614 ¹·
359 3567 418 3654 ¹its
430 3579 555 3630 monet:
580 3569 817 3645 „Assueiscere'
826 3578 857 3626 te
873 3565 973 3647 ipsum
996 3566 1108 3642 dobes,
1136 3579 1171 3630 ut
1188 3569 1228 3628 de
1244 3568 1294 3630 his
1311 3579 1382 3629 tsn-

378 3683 446 3736 tum
459 3674 555 3734 rebus
572 3673 698 3754 cogites,
719 3672 757 3734 de
772 3670 886 3753 quibus
900 3672 925 3731 si
943 3669 1012 3772 quis
1026 3681 1058 3734 te
1075 3672 1180 3734 subito
1199 3672 1383 3752 interroget,

377 3779 454 3862 quid
466 3799 550 3842 nunc
568 3777 739 3856 mediteris,
761 3776 927 3838 confestim
942 3776 1039 3838 libore
1054 3775 1153 3858 possis
1172 3781 1382 3859 respondere:

373 3885 435 3947 boc
450 3895 505 3945 eut
520 3883 599 3959 hoo;
620 3882 771 3946 nimirum
786 3882 937 3944 utstatim
954 3893 1082 3960 constet,
1101 3885 1305 3964 cogitationes
1315 3897 1382 3948 tuas

353 3975 356 3988 ¹
376 4009 444 4049 esse
460 3989 624 4070 ingenuas,
647 3987 830 4062 benevolas,
852 3995 1071 4050 consentaneas
1085 3989 1212 4050 animali
1227 3991 1268 4052 nd
1281 3993 1381 4052 socic-

374 4101 470 4156 tatem
497 4105 603 4170 nsto,.
617 4101 709 4174 teque
725 4093 955 4172 phantasmata,
989 4115 1057 4173 que
1079 4097 1119 4157 ud
1138 4095 1329 4176 voluptstem
1350 4105 1382 4156 et

346 4183 353 4196 ’
377 4195 618 4259 oblectationem
640 4199 770 4260 omnino
795 4200 928 4278 iaciant,
957 4201 1002 4261 nil
1018 4219 1139 4275 curare,
1156 4209 1189 4260 et
1203 4210 1233 4262 te
1248 4216 1380 4283 tronum

272 4336 277 4349 .
376 4315 443 4356 esse
465 4299 662 4378 acerbitatis,
691 4303 838 4382 invidie,
869 4303 1053 4384 suspicionis
1075 4304 1288 4384 aliorumque,
1313 4323 1380 4384 quac

323 4419 326 4426 ’
378 4399 404 4460 si
420 4411 450 4460 te
470 4401 576 4464 animo
595 4405 727 4484 agitasse
747 4389 955 4486 inserentes,
986 4409 1105 4490 pudore
1126 4409 1261 4469 suffundi
1284 4427 1380 4485 opor-

377 4502 495 4568 tuisset.
520 4498 524 4506 ’
551 4507 632 4568 Nous
657 4511 711 4598 qui
741 4511 913 4588 tatiscam·
932 4515 973 4574 ad
997 4523 1113 4578 certam
1134 4525 1379 4596 prensantemque
