2984 5204
200 499 204 515 ,
262 425 333 508 470
566 435 654 484 sna'.
684 423 738 502 v,
771 433 850 504 179.
873 415 940 481 180
963 434 1014 503 sq.

273 561 645 584 Μ

335 717 415 788 ¹79·
470 687 654 786 „Apricos
667 687 832 758 homines
847 687 998 758 dicimus
1011 685 1101 756 locia
1118 686 1251 778 apricis
1266 709 1353 780 gau-

264 833 400 910 dentes.
425 823 715 920 Apricunrquasi
729 831 945 900 aaronem,
969 822 1045 890 sine
1059 821 1232 914 frigore.“
1257 822 1354 892 Sem.

267 965 313 1034 etl
322 956 509 1054 Virgtrnn
528 959 655 1046 5,128.
672 956 849 1050 „Apricos
864 977 967 1027 senes
983 957 1136 1026 fortasse
1152 955 1240 1024 dicit
1255 955 1355 1046 apri-

266 1095 406 1168 catione
420 1095 625 1188 gaudentes.
678 1095 779 1180 Sunt,
799 1092 861 1186 qui
874 1089 1072 1184 intelligant
1087 1110 1280 1182 pauperes,
1296 1087 1356 1181 qui

267 1255 349 1300 cum
365 1201 461 1299 unde
476 1227 817 1312 sacramentonum,
842 1237 917 1308 uo‘n
932 1225 1097 1324 habeant,
1124 1224 1280 1317 apricari
1295 1247 1356 1293 so-

265 1366 361 1450 lent,
387 1361 486 1456 quod
502 1387 523 1430 a
537 1362 702 1456 Diogene
716 1360 847 1430 lactum
862 1360 1033 1452 legimus3
1059 1369 1096 1430 et
1117 1383 1202 1430 rane
1218 1358 1356 1452 largitio

267 1497 329 1568 illa
345 1495 442 1566 fricti
465 1493 593 1565 ciceris
616 1493 669 1563 illi
683 1492 873 1567 hominum
891 1495 1012 1565 ordini
1028 1497 1141 1588 magis
1157 1493 1358 1564 convenit,“

267 1624 430 1704 Turneli.
449 1629 538 1700 Adv.
559 1649 616 1717 no,
631 1653 666 1713 ¹1.
718 1627 891 1708 Ceterum
905 1639 1054 1719 constat,
1071 1632 1268 1714 Romanos,
1286 1649 1358 1698 nor

268 1787 373 1834 senes
402 1761 538 1852 solum,
580 1764 677 1844 inter
703 1763 912 1854 quotidiana
943 1764 1158 1838 valetudinis
1191 1762 1360 1858 praesidia

269 1900 374 1971 ctiam
392 1921 475 1966 usos
489 1897 598 1973 fuisse
615 1893 706 1984 sole,
728 1897 770 1976 in
792 1919 864 1990 quo
887 1899 1152 1990 vel'sedebant,
1178 1897 1238 1972 vel
1260 1898 1359 1965 iace-

174 2121 177 2132 ·
269 2035 374 2121 bant,
397 2033 456 2122 vol
473 2015 627 2125 deniqne
642 2031 732 2101 nudi
748 2032 993 2106 ambulabant:
1021 2036 1095 2116 sole
1112 2035 1287 2106 nimirum
1300 2029 1358 2104 vel

172 2237 176 2248 ,
270 2191 349 2237 asso
374 2167 431 2240 rel
454 2176 577 2234 uncto:
616 2163 697 2254 illo,
724 2191 808 2266 cum
829 2169 919 2261 illoti
943 2181 980 2240 et
995 2170 1074 2240 sine
1089 2171 1260 2244 unctione
1275 2177 1360 2237 ute-

270 2313 417 2401 rentur,
442 2301 606 2370 boccum
621 2301 885 2392 postbalneum
902 2316 1137 2397 ungerentur,
1161 2304 1231 2378 vid.
1249 2304 1283 2390 4,
1305 2304 1362 2372 18.

219 2484 221 2494 .
270 2435 320 2503 Ut
335 2431 464 2502 Noster
479 2435 637 2528 apricos,
663 2435 826 2506 Lucilius
843 2438 934 2508 dixit
956 2461 1099 2530 „passos
1120 2439 1259 2522 aenas,“
1281 2435 1365 2526 qui,

270 2567 333 2638 ubi
349 2567 453 2660 vigor
469 2569 612 2642 nativus
630 2571 766 2670 deficit,
790 2572 876 2662 igne
900 2583 935 2642 et
958 2571 1029 2641 sole
1051 2569 1170 2646 foveri
1189 2565 1365 2667 gaudent.

271 2700 418 2790 „Solent
432 2725 535 2773 senes
550 2685 589 2774 in
601 2704 755 2776 hiberno
766 2707 840 2776 sole
856 2707 1055 2798 apricantes
1070 2713 1231 2785 etone·
1241 2729 1366 2783 aaran

159 2849 168 2879 ‘
229 2869 232 2877 ·
267 2835 370 2939 ¹eirca
385 2837 573 2908 meridiem
591 2838 801 2912 calidiorem
817 2841 864 2910 de
878 2843 983 2936 nugis
998 2841 1068 2914 hoc
1081 2865 1194 2936 genua
1209 2840 1365 2934 garrire,

271 2969 368 3040 unde
400 2969 619 3042 Graecorum
645 2975 898 3066 proverbium:
954 2993 1197 3062 μεσημβρινοε
1222 2977 1365 3062 ληροε.“

273 3103 422 3176 Casaub.
565 3199 566 3204 ἵ
679 3089 687 3105 ’

348 3239 525 3311 180-188.
576 3239 754 3316 Ultimum
770 3257 1032 3321 commemorat
1044 3247 1224 3320 servitutis
1238 3268 1364 3340 genus,

273 3370 583 3462 superstitionem,
609 3377 775 3470 exempla
788 3401 928 3470 ponens
942 3380 1150 3472 hominurn,
1173 3381 1235 3474 qui
1250 3401 1366 3472 pere-

152 3585 162 3610 1
273 3501 663 3594 grinisritibusRomae
679 3495 878 3588 uterentur.
953 3515 1078 3603 Iudaei,
1094 3514 1366 3607 Romanisqui-

274 3617 357 3706 dem
375 3637 494 3745 invisi,
520 3641 649 3715 Romae
664 3657 785 3716 tamen
802 3647 1045 3736 invaluerant,
1071 3673 1259 3721 sacrorum
1280 3650 1365 3717 iure

239 3768 241 3778 '
273 3769 487 3866 plerumque
502 3776 634 3850 donati.
666 3779 723 3850 De
740 3781 784 3850 iis
801 3783 933 3854 Cicero
947 3785 1013 3856 Or.
1031 3808 1101 3877 pro
1117 3785 1246 3858 Flacco
1261 3809 1291 3859 c.
1303 3787 1364 3856 28.

272 3906 393 3992 „Scis,
420 3919 551 4001 quanta
570 3911 616 3982 sit
636 3935 780 4004 manua,
804 3927 937 4010 quanta
955 3919 1165 4010 concordia,
1191 3931 1369 4016 quantum

274 4037 387 4107 valeat
401 4041 439 4114 iu
456 4047 700 4118 concionibus.
751 4021 948 4124 Summiaea
970 4075 1058 4128 voce
1082 4078 1204 4148 agam,
1225 4035 1370 4125 tantum

273 4179 313 4244 ui
328 4169 465 4258 iudices
480 4182 625 4256 audiant
630 4207 641 4273 3
666 4207 782 4278 neque
799 4187 895 4257 enim
909 4189 1048 4279 desunt,
1073 4192 1136 4282 qui
1151 4189 1290 4266 istosin
1305 4213 1369 4258 me

263 4315 379 4397 atquo
395 4307 434 4381 in
450 4315 627 4401 optimum
644 4319 824 4419 quemque
838 4323 1008 4398 incitent.
1024 4377 1032 4393 .
1050 4377 1058 4394 .
1085 4325 1183 4398 Huic
1198 4324 1368 4398 barbarae

163 4452 175 4486 '-
273 4443 520 4536 superstitioni
545 4449 733 4540 resistere,
759 4458 976 4530 severitatis:
1007 4457 1274 4530 multitudinem
1298 4461 1366 4530 Iu-
