3052 5202
258 432 358 517 '220
585 455 587 466 '
621 413 624 422 Δ
699 443 787 506 SAT.
818 418 876 524 Ii„
904 433 960 504 56.

807 537 816 572 1
849 549 860 570 0

205 788 207 801 .
283 743 397 815 eaque
417 713 675 809 Pelasgiotidas
690 712 844 790 sentinas
857 712 1088 782 edocuerunt.
1139 709 1317 782 Herodot
1335 735 1368 802 a,

288 883 367 947 17¹·
420 849 599 940 orellius,
622 848 684 920 illa
704 846 831 918 scholii
845 825 968 940 parte,¹
993 827 1074 940 quie
1091 843 1136 916 de
1149 845 1273 937 statuis
1290 847 1370 916 Da-

282 991 431 1068 naidum
446 996 482 1056 et
502 981 661 1052 filiorum
677 983 827 1076 AEgypti
841 992 982 1070 narem,
1005 957 1131 1067 citata,
1157 977 1236 1050 haec
1254 981 1369 1052 addit:

282 1125 482 1216 „probante
511 1099 699 1189 Viscontio
727 1118 856 1190 Museo
879 1115 1096 1188 Pio-Clam.
1118 1114 1163 1186 Τ.
1188 1135 1220 1183 2.
1250 1137 1285 1206 p.
1310 1115 1368 1185 54.

204 1261 207 1272 '
281 1257 344 1353 nbi
360 1253 481 1325 laudat
500 1250 773 1340 inscriptionem
794 1253 834 1324 in
853 1251 1052 1345 AEsculapii
1074 1251 1247 1344 imagine,
1270 1272 1369 1320 non-

281 1395 369 1464 dum
383 1390 423 1458 in
437 1383 580 1458 Anthol.
598 1383 710 1456 Palat.
727 1391 932 1480 receptam:
967 1395 989 1459 ct
1006 1400 1120 1467 σοίτηρ
1137 1388 1222 1470 (sic)
1239 1394 1368 1464 Λυκη-

279 1559 336 1595 ms
355 1535 418 1606 [avg
434 1533 559 1602 soors]
581 1549 711 1598 aaaron
733 1531 885 1599 ἒχενσεν
905 1537 1036 1602 [Pron]
1058 1531 1369 1604 versiacensem

267 1661 447 1720 maome
471 1645 699 1724 htmmf‘
756 1646 850 1738 Quae
880 1651 964 1718 cum
991 1647 1191 1742 AEsculapii
1216 1651 1369 1743 quidem

175 1853 179 1868 ,
280 1780 473 1855 simulacro
496 1779 575 1854 vitn'
588 1781 758 1884 ¹sanandi,
790 1803 836 1852 ex
859 1769 944 1852 aliis'
960 1779 1049 1851 locis
1068 1783 1151 1852 satis
1175 1786 1368 1874 cognitam,

162 1925 168 1930 '
279 1941 450 1992 nonvero
465 1913 802 1993 statuisDanaidum
817 1927 852 1988 et
865 1915 1026 1988 filiorum
1033 1918 1182 2012 AEgypti
1194 1917 1366 2002 tribuant

279 2055 462 2148 quomodo
479 2051 659 2124 scholium
679 2053 736 2124 his
749 2051 943 2145 probatum
957 2053 1086 2141 tuerit,
1110 2029 1240 2124 nescio
1307 2051 1365 2119 De

277 2190 426 2258 Castore
442 2195 479 2253 et
490 2183 657 2274 Polluce,
681 2188 743 2279 qui
751 2187 907 2281 fratrea
922 2197 995 2260 κατ’
1015 2201 1145 2272 ἐξοχην
1160 2187 1366 2259 dicebamur
1414 2211 1420 2219 ¹

274 2319 396 2403 (ovid
411 2317 506 2384 Fast.
526 2339 558 2401 1,
573 2299 673 2407 70'7.)
689 2285 779 2386 etin
797 2341 955 2407 quorum
972 2309 1128 2410 templo,
1154 2323 1249 2391 inter
1264 2321 1366 2390 Fau-

274 2451 377 2520 stinae
391 2458 492 2522 vetus
505 2447 631 2520 fanum
646 2459 682 2518 et
695 2449 889 2540 porticum,
903 2411 1162 2534 inreliomano
1179 2453 1365 2521 adiacente

214 2649 218 2662 ,
274 2585 337 2676 (G.
352 2583 511 2660 Fabricii
525 2547 706 2676 Descript
724 2581 835 2653 Urbis
849 2583 977 2653 Romae
995 2589 1036 2676 9)
1061 2583 1284 2653 somniorum
1301 2581 1364 2648 in-

273 2727 454 2810 terpretes
474 2695 707 2803 incubabant,
738 2726 780 2786 ut
801 2727 856 2789 est
877 2719 974 2810 apud
996 2717 1236 2802 Scholiasten‚
1263 2717 1364 2786 loeus
1427 2809 1436 2824 .

273 2877 347 2948 non
365 2843 479 2946 accipi
493 2862 629 2946 potest,
654 2861 696 2922 ut
717 2862 817 2926 recte
836 2853 977 2930 monuit
992 2819 1245 2938 casaubonus}
1267 2849 1365 2944 quod

275 2987 320 3056 de
340 2985 527 3078 pluribus,
553 3009 662 3080 quam
677 2987 723 3057 de
738 2985 897 3074 duobns,
921 2987 1070 3058 Persius
1084 2987 1256 3082 loquitur.

321 3147 324 3155 ¹
347 3120 406 3224 De
423 3104 591 3210 Hermio,
616 3120 740 3194 statuis
757 3119 933 3208 Mercurii
951 3125 1154 3215 quadratis,
1180 3095 1363 3192 neminem

273 3254 517 3344 interpretum
531 3245 705 3349 cogitasse
722 3256 877 3326 invenio.
911 3253 1061 3328 Athenis
1075 3282 1149 3328 non
1162 3259 1202 3328 in
1215 3253 1362 3346 ‚templis

271 3383 401 3470 modo,
435 3387 498 3456 sed
521 3397 559 3456 et
582 3387 622 3456 in
645 3389 733 3460 vicis
758 3389 805 3458 ad
829 3389 951 3460 ianuas
973 3393 1107 3462 aeditua
1122 3391 1361 3484 ponebantur.

272 3515 381 3586 corn.
403 3515 495 3608 Nep.
520 3541 554 3609 7,
579 3519 612 3604 3,
636 3539 669 3588 a.
725 3519 854 3590 Rome
883 3514 1028 3606 itidem,
1069 3523 1107 3590 id
1137 3492 1236 3614 quod
1258 3530 1359 3616 vetus
1413 3479 1422 3500 Ι

234 3635 243 3660 '
271 3651 387 3724 Schol.
404 3648 616 3722 adluvonal.
638 3641 673 3737 8,
689 3650 746 3720 55.
773 3651 823 3720 ita
837 3649 985 3725 indicat:
1008 3653 1201 3744 „Hermam
1223 3651 1359 3745 effigies

213 3775 224 3801 ’
271 3811 384 3856 aeneae
407 3796 469 3858 aut
484 3807 716 3873 marmoreae,
730 3785 818 3884 sine
841 3772 1024 3879 manibus,
1050 3787 1173 3883 quales
1194 3789 1359 3861 videmus

271 3919 310 3990 iu
327 3921 473 3992 Circo.“
509 3921 625 3993 Lares
640 3930 743 3994 eraut
757 3919 879 4008 violes,
900 3923 1042 3994 viarum
1057 3905 1243 4020 praesides,
1269 3947 1358 4017 quos

271 4053 484 4126 invocabant
500 4079 654 4149 peregre
669 4056 819 4146 abituri,
845 4067 907 4126 aut
918 4057 1022 4152 signa
1038 4057 1254 4154 compitalia,
1279 4069 1358 4142 ter·

271 4183 428 4255 minalia.
468 4189 583 4260 Plaut.
607 4191 721 4262 Mero.
748 4193 784 4278 5,
809 4213 843 4280 a,
869 4189 954 4270 253!
975 4179 1079 4265 Oiid.
1101 4197 1196 4268 Fast
1219 4217 1252 4282 a,
1275 4195 1356 4262 641.

271 4315 391 4388 Tibul.
414 4341 569 4410 1,1,11.
620 4325 780 4396 Fratres
800 4325 946 4418 quidem
970 4327 1041 4398 dici
1062 4339 1245 4420 poterant,
1274 4351 1355 4396 cum

269 4449 387 4524 forma
408 4453 575 4550 ommibus
591 4457 735 4546 eadem,
763 4459 851 4551 quin
868 4461 975 4532 etiam
991 4463 1115 4552 faciei,
1140 4467 1353 4558 plerumque
