2938 5208
510 403 600 462 aaa.
624 407 704 474 vn,
733 411 788 458 ιο.
814 413 869 460 ιι.

127 529 1214 584 .-------,.-.................

126 685 273 752 excors,
321 680 448 736 vecors
477 683 549 756 pro
578 662 788 755 „amente“)
820 675 944 738 nostro
974 667 1085 758 igitur
1114 665 1212 738 loco:

125 797 309 892 „prudens
322 796 395 870 iam
408 797 571 869 Ennius“
586 820 654 869 nec
669 809 709 869 ut
725 809 806 868 ante
824 797 992 889 delirans,
1016 825 1055 872 se
1070 801 1214 874 Home-s

124 958 208 1006 rum
224 955 311 1004 essa.
361 915 424 1004 lto'
437 931 633 1003 Turnebus
649 929 738 1004 adv.
753 932 813 1020 50,
829 959 864 1027 7.
891 934 935 1006 cl.
957 937 1012 1024 13,
1034 959 1087 1006 ιι.
1141 935 1214 1006 Sed

124 1091 190 1140 cor
204 1091 273 1160 pro
290 1067 437 1138 cordato
450 1063 636 1158 putidum,
668 1075 705 1136 et
718 1087 765 1136 ue
779 1066 906 1138 Persio
923 1071 1069 1162 quidem
1082 1091 1213 1162 parurn

124 1199 278 1293 simplici
293 1199 565 1270 concedendum
578 1197 740 1284 ridetur,
762 1201 833 1270 nisi
848 1203 894 1274 ob
908 1201 1028 1276 lusum
1042 1205 1211 1298 qualem·
1282 1159 1288 1184 ι

123 1315 278 1426 cumque
295 1331 376 1402 loco
388 1331 473 1406 huic
481 1331 762 1406 convenientem.
789 1332 1031 1431 Respiciputo
1048 1339 1212 1412 adverba

122 1467 250 1556 Ennii,
276 1467 406 1560 quibus
426 1465 524 1556 „tria
539 1489 617 1534 asse
638 1465 750 1536 corda
763 1465 898 1542 habere
913 1471 1088 1560 dioebat,“
1100 1473 1212 1576 ⁸quod

121 1601 223 1696 loqui
240 1601 373 1674 Graece
391 1611 427 1672 at
447 1601 543 1674 Osce
558 1609 595 1672 et
609 1599 738 1674 Latine
752 1604 878 1693 sciret,
902 1603 1014 1678 Gellii
1028 1603 1073 1676 N.
1089 1603 1133 1678 Α.
1154 1629 1167 1676 ι
1176 1631 1210 1694 7,

125 1761 181 1832 ²7·
207 1733 348 1828 aliaque
363 1734 474 1806 Ennii
495 1733 596 1822 loca,
617 1759 651 1810 ι.
668 1761 698 1806 c.
723 1740 819 1830 apud
840 1737 998 1814 Gellium
1014 1761 1048 1832 7,
1069 1759 1103 1826 a,
1128 1763 1209 1832 quae

121 1871 333 1960 ostendunt,
357 1893 443 1942 eum
465 1889 591 1942 vocam
613 1873 724 1960 „cor“
745 1893 854 1944 sensu
876 1895 951 1944 uon
971 1873 1063 1944 benc
1076 1873 1208 1945 llatirw

120 2005 332 2081 adhibuisse.
381 2005 526 2076 Ludum
549 2003 684 2076 scilicet
705 2005 898 2098 iocumque
916 2003 1024 2078 lrabct
1038 2007 1206 2094 annium,

118 2141 312 2236 pariterue
326 2137 578 2231 HoratiusEp.
597 2157 632 2228 a,
643 2144 741 2228 ι,5ι.
759 2139 805 2210 ob
820 2139 1206 2234 somniaPythagorea.

117 2271 228 2377 labat
257 2273 424 2346 convenit
453 2272 667 2364 imperativo
697 2273 937 2364 praecedenti:
991 2275 1205 2368 cognoscite.

112 2409 326 2504 Postquam
350 2403 568 2494 destertuit,
591 2405 698 2476 desiit
721 2406 922 2494 somniare,
948 2427 985 2478 se
1001 2405 1207 2482 Homerum

115 2567 211 2633 csse,
248 2565 269 2610 a
296 2561 444 2635 pavone
465 2537 707 2632 Pythagoreo
732 2513 853 2609 sacrus
871 2537 1031 2624 Quintus
1055 2539 1204 2612 Ennius.

115 2675 175 2750 Ad
189 2676 266 2744 lraec
284 2681 354 2744 vet
370 2667 508 2740 schol:
541 2667 622 2754 „Sic
638 2668 686 2734 ait
701 2669 841 2740 Ennius
856 2669 895 2738 in
910 2667 1099 2742 Annalium
1115 2697 1205 2742 suo-

116 2831 202 2882 rum
217 2802 412 2896 principio,
427 2799 490 2870 ubi
503 2823 543 2869 sc
557 2799 644 2870 dicit
660 2796 790 2870 vidisse
805 2799 844 2872 in
859 2803 1205 2880 somnisHomerutn

116 2943 306 3025 dicentem,
330 2933 440 3004 luisse
454 2957 494 3004 sc
510 2931 690 3026 quondam
705 2951 892 3026 pavonem,
916 2945 951 3006 et
965 2960 1010 3007 ex
1024 2961 1068 3008 eo
1083 2949 1204 3010 trans-

114 3076 225 3146 latam
244 3073 283 3143 in
305 3093 345 3140 sc
369 3067 522 3140 animam
538 3089 634 3157 esse,
659 3069 857 3140 secundum
878 3069 1094 3164 Pytlragorae
1115 3074 1203 3166 plri-

115 3207 257 3302 losophi
274 3202 544 3290 diffinitionem,
569 3201 631 3296 qui
651 3201 756 3292 dicit,
780 3203 917 3276 animes
938 3203 1111 3276 humanas
1130 3229 1202 3300 per

114 3351 389 3426 „atsyysvmss
402 3337 426 3407 i.
444 3359 474 3408 e.
491 3359 561 3432 per
575 3337 738 3409 iteratam
752 3340 1035 3432 generationem,
1060 3363 1201 3416 excun-

114 3491 167 3552 tes
185 3481 231 3551 de
246 3473 473 3571 corporibus,
497 3471 537 3543 in
552 3471 621 3544 alia
633 3495 739 3566 posse
754 3497 909 3567 corpora
921 3475 1083 3548 introire.
1112 3475 1199 3548 Ideo

115 3615 266 3712 quintus
282 3613 383 3700 dixit,
397 3617 548 3702 propter
562 3630 642 3680 eam
655 3607 874 3702 opinionem,
897 3633 979 3704 quae
993 3611 1090 3699 dicit,
1115 3611 1174 3680 ani
1184 3649 1199 3662 ·

113 3771 210 3818 mam
229 3747 445 3840 Pythagorae
468 3741 507 3812 in
529 3763 707 3834 pavonem
735 3741 960 3834 translatam,
991 3745 1198 3835 deparcos

112 3904 201 3954 vcro
220 3879 265 3950 ad
285 3877 544 3971 Euphorbum,
573 3877 618 3946 de
632 3877 1130 3978 Euphorboadflomeram,
1150 3879 1197 3950 de

112 4015 279 4086 Homero
294 4023 412 4084 autem
428 4011 474 4081 ad
487 4009 682 4082 Enniurn.“
707 4011 849 4084 Merula
861 4011 979 4084 exMS
993 4011 1195 4086 Scholiastae

112 4151 225 4220 rerba
241 4147 348 4219 huius
365 4145 573 4239 interpretis
587 4145 633 4217 ad
646 4166 679 4220 s.
693 4147 789 4246 nita
803 4147 917 4218 auxit:
942 4147 1041 4240 „Qui
1055 4147 1195 4220 Ennius
1309 4131 1315 4138 ⁸

110 4285 179 4356 lroc
195 4283 349 4376 scripsit,
375 4283 460 4354 dum
475 4305 514 4354 sc
531 4282 724 4352 somniasse
739 4281 777 4352 in
786 4284 961 4355 Parnasso
978 4283 1135 4370 dixisset,
1148 4289 1194 4360 ,et

110 4421 222 4494 visan
238 4419 393 4494 llomcri
408 4419 564 4492 numam
578 4419 774 4494 secuudum
789 4417 1003 4518 Pylhagorae
1028 4419 1194 4516 dogmata
1311 4495 1316 4512 ι
