2984 5204
550 441 644 494 ssu.
666 445 719 508 v,
749 411 828 492 ild.
1101 374 1105 384 Ι
1171 423 1242 498 4’55

234 699 314 768 148.
364 698 445 787 „du
467 700 538 774 vile
560 697 631 770 hoo
652 699 795 788 vinum,
833 699 975 795 vapida
998 699 1128 774 laesim
1150 706 1243 798 pice,

153 831 287 906 foetida
310 842 348 903 et
368 831 463 906 mele
487 834 607 906 olente
627 835 709 927 pice
726 843 959 926 corruptum,
980 835 1148 924 exhalet,
1172 861 1242 909 ex-

153 964 310 1034 halando
326 967 463 1038 emittat
480 968 544 1039 tibi
562 970 699 1040 sessilis
715 965 807 1040 obla
814 965 856 1040 ?“
881 969 1041 1042 Facilior
1057 983 1156 1042 certe
1172 973 1244 1043 erit

153 1100 423 1192 interpretatio,
458 1103 593 1174 sicum
616 1104 797 1197 Koenigio
821 1103 1036 1196 sumpseris,
1075 1105 1243 1198 epithetis
1371 1098 1375 1109 ’

151 1235 365 1326 permutatis
386 1237 656 1332 intelligendum
678 1263 772 1326 esee,
804 1238 964 1308 sensilem
979 1238 1107 1310 obbsm
1124 1237 1242 1310 exhe-

152 1367 230 1437 lsre
256 1368 496 1464 Veientanum
528 1376 696 1466 vapidum
721 1375 804 1445 lesen
827 1373 926 1464 pice,
962 1371 1085 1442 vinum
1107 1373 1243 1444 scilicet

152 1505 322 1596 sapidum
346 1506 478 1578 fectum
500 1530 599 1596 esse,
632 1509 717 1600 quie
733 1508 816 1600 pix,
844 1529 916 1601 qus
939 1505 1145 1577 obturatum
1164 1487 1250 1576 ersi
1381 1545 1386 1560 =

151 1661 225 1727 ves,
248 1638 334 1710 laess
348 1639 477 1712 fueret.
529 1643 598 1714 Vir
613 1643 674 1714 ille
691 1641 854 1712 eruditus
870 1639 956 1737 tegit
969 1641 1135 1730 „fissilis‘i
1157 1663 1242 1711 cum
1261 1637 1266 1648 '

151 1773 298 1862 Reizio‚
324 1797 431 1867 quem
445 1769 651 1847 facilitatem
665 1777 806 1870 potius,
833 1799 940 1869 quam
951 1776 1063 1850 fidem
1078 1774 1241 1845 criticam

149 1907 343 2012 lectionum
358 1910 551 1982 oestimesse
566 1923 713 1984 constat.
761 1909 892 1984 Facilis
906 1878 1054 2002 quidem
1068 1920 1105 1982 et
1117 1907 1239 1978 sensui

98 2141 101 2149 Ι
150 2044 367 2116 conveniens
382 2055 436 2115 est
450 2045 511 2118 illu
527 2043 647 2130 lectio,
662 2067 743 2114 cum
760 2044 925 2132 ,ιίίεείἰὶέι
941 2067 1014 2116 uon
1024 2041 1242 2136 modoquod

149 2173 239 2246 findi
262 2188 398 2269 potest,
426 2180 490 2248 sed
505 2179 865 2270 otiem'quodfissum
880 2189 951 2265 eet,
977 2180 1140 2282 denotat,
1165 2177 1237 2248 vid.

148 2309 263 2382 Pluut.
282 2308 365 2388 Aul.
384 2313 418 2400 5,
437 2333 470 2400 2,
488 2319 545 2386 25.
588 2311 672 2401 Qua
688 2314 733 2382 de
748 2336 788 2381 re
803 2313 880 2383 Nic.
900 2311 1070 2384 Heinsius
1086 2308 1237 2382 Adsere.

108 2451 113 2460 '
149 2447 183 2532 l,
201 2469 234 2538 9.
260 2457 296 2514 et
317 2449 364 2518 ad
385 2447 489 2519 Ovid.
511 2437 590 2518 Ar't.
607 2440 685 2516 dm.
706 2445 742 2532 5,
757 2446 839 2516 544.
857 2445 913 2516 ed.
927 2447 1050 2517 Burm.
1076 2407 1237 2559 ,Ad'ob-
1305 2507 1307 2512 ,

147 2577 233 2648 born
248 2581 365 2650 Persii
383 2582 500 2652 obiter
514 2581 756 2667 monendum,
781 2579 820 2648 in
840 2589 980 2652 vetusto
1001 2579 1126 2648 codice
1143 2577 1238 2648 Lei-

147 2713 268 2780 densis
300 2714 525 2782 bibliothccae
554 2723 741 2780 exaratum
773 2735 831 2782 me
855 2711 1049 2780 invenisse:
1097 2709 1239 2796 „fissilis

148 2847 277 2932 obbe,“
294 2847 391 2937 quod
407 2846 567 2936 impense
582 2841 711 2933 placet,
731 2863 948 2934 quamquam
965 2842 1112 2912 minime
1128 2843 1239 2936 igno-

134 3002 211 3072 ro,
236 2978 420 3064 ,pessilem
443 2978 597 3048 obbum“
613 2977 754 3046 erudite
773 2975 988 3048 illustratum
1005 3002 1026 3068 e
1041 2950 1157 3046 l'ersii
1173 2977 1237 3045 iu·

146 3081 376 3205 terpretilius.
425 3113 496 3184 Sed
520 3109 662 3200 „fissilis
684 3109 811 3198 obba,“
835 3133 909 3180 non
930 3112 1023 3182 bene
1044 3111 1169 3197 oblite,
1194 3135 1236 3180 ec

144 3247 301 3341 proinde
324 3247 450 3320 vinum
472 3245 659 3334 exhalans,
692 3239 765 3340 quo
789 3243 915 3329 vinum
934 3247 1073 3338 ipsum,
1104 3269 1173 3340 per
1197 3269 1235 3316 se

144 3383 402 3470 deterrimum,
438 3383 500 3456 fiat
525 3381 718 3452 deteriust‘
776 3380 915 3453 Praeter
941 3383 1156 3454 Leidensem
1186 3383 1235 3451 itu
1328 3369 1336 3378 ’

145 3517 253 3586 etiarn
271 3517 360 3614 legit
378 3519 501 3598 Hnun.
520 3519 638 3590 codex
654 3541 684 3587 1.
738 3517 849 3609 Quod
870 3527 1032 3592 ceterum
1053 3519 1235 3590 editorum
1325 3606 1331 3621 ν
1410 3511 1415 3518 ’

228 3857 298 3898 cum
314 3837 588 3918 inscriptionibus,
618 3837 651 3899 in
670 3859 800 3918 querum
818 3861 880 3899 une
898 3839 1104 3918 „Muuicipen
1125 3837 1234 3898 Muni-

227 3941 301 4022 cipi.
321 3943 464 4024 Augusti.
479 3943 630 4005 Veientis.
645 3944 876 4004 lntrunmreni“
894 3955 1125 4020 memorentur,
1145 3946 1233 4006 eliis-

227 4067 286 4126 que
301 4048 434 4127 publicis
448 4060 480 4110 ct
499 4049 647 4128 privetis3
674 4061 716 4122 ut¹
728 4049 861 4128 emplius
884 4049 1020 4110 dubitari
1040 4061 1171 4130 nequest
1194 4052 1233 4112 de
1254 4098 1260 4118 .

225 4151 314 4212 urbis
332 4153 411 4226 loco,
431 4154 559 4232 eiusque
574 4154 798 4218 urstnruutionc
815 4157 853 4216 ab
868 4157 1016 4233 Augusto.
1046 4155 1234 4236 Inscriptio-

226 4277 280 4316 ncs
303 4257 427 4337 phires,
453 4259 571 4320 ibidem
599 4269 689 4320 antes
708 4270 864 4340 repertas,
887 4259 1010 4340 collegit
1028 4261 1099 4324 Cer.
1118 4263 1180 4320 1⁴¹0·
1199 4263 1230 4322 in

227 4363 436 4442 descriptione
448 4361 538 4427 vine
547 4365 689 4429 Albane·
705 4365 779 4429 vu.
792 4367 874 4430 hunc
892 4367 1096 4448 interpretem
1106 4367 1235 4430 lloratii

225 4467 265 4527 sd
279 4467 375 4552 Epist
388 4491 417 4547 2,
435 4486 464 4549 2,
482 4473 550 4556 167.
