2868 5200
143 737 283 826 preter
294 723 473 814 Ruinam,
498 723 662 816 Koenig,
680 719 829 794 Herdsr
843 731 881 792 et
892 719 1036 810 Nasser,
1059 723 1231 796 monitori

145 887 231 938 arun
257 861 486 956 assignantes.
546 855 787 940 ·Posterioris
814 855 1000 929 sententiae
1024 855 1233 948 defensores
1283 869 1309 914 ὓ

146 1005 357 1091 arguments
363 1046 388 1084 „
413 993 545 1088 quibus
560 991 646 1062 satis
660 961 798 1061 idoneis
812 990 965 1081 nitatur,
990 993 1089 1065 nulla
1100 992 1233 1063 attule-

146 1145 243 1206 nme
262 1131 294 1222 *)
344 1131 545 1202 Personam
557 1125 619 1198 illo
633 1121 793 1196 monitor
807 1126 955 1198 sustinet
968 1129 1072 1200 anrioi
1079 1175 1102 1215 ,2
1116 1125 1233 1201 vehe-

144 1267 296 1353 mentis,
321 1287 395 1357 quo
410 1272 518 1356 poeta
531 1261 571 1332 in
584 1256 711 1331 satiras
732 1257 918 1332 ferebatur
931 1263 1056 1350 studii,
1069 1263 1118 1354 ”)
1138 1263 1232 1334 bens

148 1401 304 1490 conscii,
331 1398 396 1492 qui
411 1395 509 1471 sidet
520 1394 749 1468 meditantem
764 1415 835 1486 pro
848 1396 1032 1487 tarditate,
1056 1421 1127 1492 qua
1138 1398 1233 1468 scri-

144 1540 232 1610 bere
246 1534 374 1608 solitus
389 1541 499 1619 esset,
519 1535 589 1617 m)
614 1528 654 1598 in
666 1551 709 1598 ra
722 1503 906 1600 tractends
920 1531 1117 1622 desudare,
1146 1534 1234 1625 plu-

145 1685 243 1746 teum
258 1669 416 1755 cedere,
441 1687 581 1758 ungues
594 1663 788 1750 arrodere,
812 1673 921 1756 eaput
933 1665 1098 1756 scabere,
1123 1671 1167 1755 t)
1198 1678 1235 1740 et

146 1807 334 1879 exclamat:
361 1801 394 1873 0
415 1823 538 1872 curas.
591 1797 686 1888 Quae
700 1797 903 1870 Passowius
918 1811 1044 1872 contra
1063 1803 1232 1896 disputat,

144 1943 207 2018 vix
222 1941 325 2012 aliter
341 1935 534 2006 sentientes
550 1933 688 2002 erroris
702 1932 935 2006 convicerint.
974 1935 1234 2030 Damasippum

145 2071 297 2148 Horatii
320 2081 418 2140 certe
438 2067 501 2138 hic
524 2065 691 2138 conferre
716 2076 753 2136 et
770 2065 863 2138 iicet
888 2077 925 2139 et
944 2071 1099 2162 oportet
1143 2069 1233 2143 'Ve-

145 2219 356 2282 mmtnmen
382 2202 492 2274 satius
520 2197 607 2272 duxi
630 2199 817 2294 vulgarem
837 2205 939 2298 sequi
957 2203 1233 2294 distinctionem,
1275 2285 1295 2304 Ι,

146 2365 226 2438 qna
237 2341 340 2436 sigor
352 2338 489 2410 alterno
503 2335 663 2408 sermoni
677 2337 839 2427 additur,
864 2341 1034 2436 quoniam
1049 2341 1152 2412 locns
1171 2339 1233 2414 ille

146 2471 348 2550 communis
360 2474 399 2546 in
416 2495 482 2546 ore
498 2471 618 2548 Persii
632 2473 679 2544 ad
692 2471 954 2548 affectationem
966 2487 1002 2548 et
1014 2478 1124 2551 inane
1138 2501 1233 2572 poe-

142 2625 265 2684 tarum
279 2609 452 2702 temporis
466 2605 570 2677 istius
581 2608 752 2698 studium,
772 2611 871 2702 quod
882 2611 921 2682 in
935 2613 1233 2705 satiraporstrin-

144 2748 263 2842 gitur‚
287 2742 385 2815 haud
399 2744 521 2834 inepte
534 2742 721 2834 pertinere
734 2745 904 2834 potuerit
944 2745 1112 2835 Accedit,
1136 2749 1235 2839 quod
1275 2769 1280 2780 “
1400 2749 1403 2756 ’

145 2905 181 2956 v.
202 2905 233 2952 ι.
256 2879 287 2950 si
307 2880 493 2950 desumus
512 2875 559 2946 sit
583 2899 605 2946 e
626 2875 745 2946 satiris
758 2874 910 2968 Lucilii,
934 2879 1060 2967 Persio
1074 2883 1235 2976 loquenti

142 3101 443 3126 *m

179 3235 214 3309 0)
236 3227 383 3303 Meister,
412 3225 500 3290 cuius
529 3225 672 3288 libellum
702 3225 929 3297 novissimum
964 3232 1076 3296 Letzte
1104 3236 1236 3302 Studien

237 3331 317 3394 iiber
335 3332 410 3392 Aul.
432 3329 558 3392 Persius
578 3331 726 3411 Flaccus,
747 3333 835 3416 Lips.
853 3349 938 3408 ¹8¹²·
960 3338 1021 3398 iam
1043 3341 1167 3404 demum
1182 3343 1235 3404 iu-

234 3437 356 3520 ,prem
370 3435 448 3500 miss
468 3435 577 3516 seso,
599 3459 629 3500 v.
646 3461 671 3504 ι.
691 3442 802 3504 issam
822 3442 853 3506 u
873 3443 1028 3526 assogum
1048 3447 1156 3526 nrm,
1175 3451 1236 3512 aa·
1323 3415 1331 3436 ’

233 3543 322 3606 iactis
342 3543 536 3620 rationibus,
557 3565 688 3625 quarum
710 3547 764 3609 ilia
786 3559 833 3640 est
849 3550 1001 3626 maxima,
1024 3553 1234 3632 qnod‘moni-

231 3661 299 3724 tor,
331 3649 359 3710 si
391 3649 459 3712 viso
487 3660 521 3712 et
547 3649 650 3714 obiter
678 3651 868 3732 perlustrato
895 3656 1062 3717 satirarum
1085 3655 1235 3715 fasciculo
1280 3647 1286 3667 '

231 3753 363 3834 fingatur
383 3757 588 3818 exclamasse:
619 3779 637 3816 ο
657 3779 753 3820 curas
775 3773 835 3822 cot.
861 3761 921 3822 hoc
942 3761 1045 3820 satirae
1067 3755 1235 3820 exordium

233 3859 366 3922 iocosius
385 3871 419 3922 et
440 3881 568 3922 summe
589 3860 742 3922 orationis
764 3862 1004 3924 convenientius
1025 3863 1126 3926 fieret.

163 3995 216 4082 **)
235 3999 353 4074 „Lecto
378 3994 465 4056 libro
483 3983 601 4058 Lneiiii
625 3996 765 4068 decimo,
792 3997 998 4058 vehementer
1018 3995 1127 4058 satiras
1148 3987 1256 4062 corn-⁵

233 4119 350 4182 ponere
380 4099 531 4162 stadum
574 4099 650 4162 Vin
675 4101 777 4162 Persii
804 4101 920 4164 incerti
947 4104 1002 4166 sed
1028 4104 1236 4193 antiquissimi

232 4203 403 4285 scriptoris.
616 4209 621 4220 ’
1099 4229 1104 4238 ·

145 4341 217 4448 m)
232 4343 294 4420 „Et
314 4361 387 4403 raro
408 4351 440 4402 ot
460 4343 550 4404 tardo
560 4295 726 4466 scripsit.“
767 4339 847 4404 ibid.

178 4482 212 4556 1)
235 4476 430 4544 Honestate
445 4477 595 4542 elaborati
612 4477 762 4544 carminis
775 4479 892 4546 indicia
906 4497 978 4550 sunt
990 4489 1099 4554 Persio
1118 4511 1144 4566 ι,
1167 4489 1236 4572 106,

225 4685 235 4720 i
