2932 5206
309 491 357 580 98
703 503 791 556 sar.
818 507 857 573 a,
883 482 947 574 67.
985 485 1043 557 68.

385 737 511 858 67ὲὸ8,
563 761 805 836 GaddHauo.
818 783 959 834 omnes:
985 763 1210 858 capraccia.
1248 761 1389 837 Passow

308 899 397 992 legit
419 919 470 969 on
490 921 546 989 pr.
562 895 619 978 fob
633 877 843 990 praecedens
856 895 949 986 cive,
974 897 1034 968 cui
1055 906 1117 968 ant
1138 895 1238 968 aliud
1259 889 1392 986 „aive“,

309 1046 373 1110 aut
398 1036 502 1122 ‚‚an“,
536 1041 723 1123 praeeunte
755 1031 883 1102 Tacito
906 1029 1032 1104 Annal.
1062 1055 1126 1120 11,
1148 1031 1206 1104 ab.
1245 1033 1307 1120 14,
1333 1033 1390 1127 59.

300 1159 599 1260 coniungendam
609 1142 707 1256 erat3
732 1188 860 1238 verum
874 1165 944 1238 ista
961 1167 1230 1256 emendatione,
1254 1167 1392 1263 codici-

307 1305 376 1374 bus
390 1304 528 1396 ignota,
559 1300 621 1374 vix
635 1321 716 1372 rens
730 1299 879 1372 dubiam
893 1299 1100 1394 explanasse
1116 1301 1314 1374 censendus
1328 1311 1394 1388 est,

308 1463 392 1510 cunr
407 1437 505 1524 „sire
520 1471 571 1490 ·-·
588 1437 657 1506 an“
676 1432 910 1540 soloecismus
924 1445 978 1508 est
993 1437 1113 1508 Taciti
1128 1435 1276 1508 minime
1290 1427 1395 1506 com-

306 1570 532 1646 mendandus
544 1553 811 1653 (vidthelleri
818 1566 931 1638 Proec.
947 1567 1019 1636 stili
1034 1567 1127 1640 bene
1143 1570 1242 1640 latini
1249 1594 1282 1662 p.
1295 1564 1397 1660 763.)

306 1724 376 1774 nec
394 1699 572 1772 sententia
595 1697 772 1786 eiusmodi
793 1704 1086 1800 &cessassemus
1112 1701 1253 1772 Latinis
1273 1702 1396 1774 infre-

249 1806 252 1816 ,
307 1857 422 1931 quens
450 1843 545 1922 erat,
584 1855 622 1907 vc
642 1855 674 1904 c.
709 1831 814 1924 apud
830 1827 1046 1902 Terentium
1067 1829 1180 1903 Andr.
1204 1858 1242 1922 1,
1266 1859 1308 1924 a,
1336 1861 1394 1930 ¹9·

307 1973 402 2044 Eun.
421 1993 454 2060 a,
481 1973 516 2060 5,
543 1991 600 2040 ao.
626 1978 662 2040 et
676 1967 814 2040 Tibulli
834 1990 867 2054 1,
882 1963 918 2053 6,
935 1983 992 2034 ar.
1008 1963 1080 2037 'ubi
1095 1968 1217 2055 „sive“‚
1231 1980 1268 2040 et
1281 1973 1395 2057 „seu“

306 2109 428 2201 primo
452 2069 532 2176 loco
552 2102 701 2193 ponitur
725 2125 794 2194 pro
818 2101 873 2190 „si
895 2094 965 2175 ue“
987 2122 1017 2168 o:
1039 2101 1122 2192 „vel
1143 2105 1210 2192 si“,
1234 2103 1395 2174 secundo

207 2241 211 2250 ‘
307 2237 512 2308 conirmctio
532 2246 587 2304 est
607 2257 708 2304 mere
734 2233 934 2326 expletiva,
968 2246 1005 2304 et
1028 2239 1137 2309 tertio
1157 2239 1232 2312 vim
1249 2239 1398 2332 quidem

306 2373 413 2443 habet
432 2367 657 2456 disiunctivi,
691 2379 727 2436 nt
749 2367 954 2438 membrum
971 2365 1122 2440 alterum
1137 2373 1249 2441 menti
1263 2383 1397 2470 poetae,

307 2489 352 2580 ad
364 2477 467 2600 prius
483 2491 767 2589 irnice'attentae,
792 2511 1012 2588 reservatur,
1037 2524 1145 2594 quam
1163 2505 1398 2584 omissionem

175 2703 180 2716 .
307 2643 441 2715 lineola
458 2637 606 2712 mentali
635 2642 751 2724 (-)
773 2635 978 2730 significare
1000 2635 1167 2708 solemus.
1220 2638 1401 2710 Prandia

266 2799 272 2808 “
307 2753 481 2875 regum'i.
505 2800 537 2848 e.
557 2760 747 2847 beatorum
763 2785 800 2844 et
814 2771 1032 2866 potentium,
1058 2773 1121 2866 qui
1144 2773 1300 2847 Horatio
1322 2773 1399 2842 ali-

307 2915 448 3008 quoties
468 2933 575 3004 reges
597 2910 790 2980 dicuntur:
840 2910 911 2984 Sat
940 2931 980 2995 1,
1012 2929 1055 2996 a,
1088 2908 1147 2978 85.
1200 2927 1242 2996 2,
1267 2927 1309 2996 a,
1335 2913 1399 2977 44.

308 3109 604 3134 *na-

389 3277 645 3358 conspiciendam
665 3281 801 3358 prebet:
839 3279 1026 3356 „structura
1042 3271 1134 3336 torris
1148 3284 1180 3336 et
1192 3273 1282 3336 firma
1291 3319 1301 3352 ,
1319 3297 1403 3336 con-

388 3379 647 3458 iunctionumque
662 3382 892 3460 perfacetarum
912 3399 994 3440 nexa
1013 3380 1145 3453 caeauris¹
1155 3379 1405 3457 insolubilibus3

386 3481 441 3540 aed
456 3497 514 3540 nec
531 3478 725 3541 binominus
747 3481 869 3544 lubrica
893 3493 926 3538 et
949 3481 1055 3554 laevis,
1078 3503 1114 3556 ac
1131 3485 1233 3544 modia
1249 3484 1405 3546 omuibus

387 3584 588 3660 erotundata,
607 3605 735 3666 queque
749 3581 877 3644 lactoris
892 3581 1029 3660 linguam
1046 3579 1229 3646 inoffensam
1245 3589 1406 3653 decenter

351 3746 356 3759 ,
390 3689 551 3771 expediat,
580 3709 620 3750 ne
645 3687 814 3750 salebrosas
836 3705 925 3768 passa
945 3683 1120 3762 iuncturas,
1151 3707 1210 3768 per
1236 3711 1405 3758 cameram

382 3795 497 3878 'palatii
511 3795 648 3856 volutata
661 3788 824 3857 balbutiat.
873 3791 955 3854 Tota
978 3787 1113 3870 deniqne
1129 3787 1249 3872 liquida
1265 3815 1407 3878 prorsus

390 3901 583 3978 etductilis,
602 3901 701 3963 veluti
718 3921 789 3962 cum
805 3895 999 3979 crystallinas
1017 3905 1148 3971 crustas,
1169 3896 1223 3962 aut
1236 3903 1407 3985 onychin-

372 4010 470 4091 ‘tinaa
495 4031 560 4072 non
584 4007 720 4088 impacto
745 4003 859 4084 digitu·
881 4022 986 4082 ungue
1010 4002 1204 4084 perlabitur,
1232 4008 1350 4089 quippe
1375 4013 1408 4070 si

388 4111 470 4174 nihil
488 4135 559 4174 eum
576 4111 703 4174 rimosis
725 4111 867 4173 obicibus
880 4117 1056 4190 'exceptum
1079 4121 1172 4172 tenax
1187 4111 1328 4176 fractura
1342 4136 1408 4174 re-

387 4223 559 4278 moretur.“
600 4217 781 4282 Dolendum
807 4215 935 4298 quidem
957 4217 1059 4294 toret,
1087 4235 1164 4295 apua
1181 4215 1319 4296 Remigii
1336 4217 1406 4276 dc-

389 4317 548 4398 perditum
566 4343 648 4401 asse,
669 4322 732 4382 nisi
743 4321 802 4382 ista
817 4321 989 4382 uerborum
1004 4323 1171 4396 lenocinia,
1193 4323 1406 4402 quibuscum

160 4450 165 4460 ·
286 4479 332 4496 ,,
383 4421 539 4484 Sidonius
554 4427 736 4502 permulcet,
757 4437 790 4488 ct
805 4425 1407 4490 iidemlaudatoriactdcclamationum

389 4526 599 4608 prestantiam
614 4541 786 4608 suspectam
801 4531 980 4593 redderent.
1033 4591 1035 4598 ,
