3046 5206
511 490 599 545 ssu.
629 493 710 560 un,
736 456 891 548 82-8;3.'
1156 485 1230 578 ,²89

140 763 260 852 terens
273 745 376 842 sepit
428 723 587 844 Exporrl
610 726 755 822 labello.
808 749 1015 822 Librorum
1028 773 1246 845 exporreo-'

140 888 211 974 tio,
236 893 356 978 gestus
371 883 581 958 admirantis
596 883 655 960 vel
674 883 903 978 cogitabundi
917 887 1122 976 peculiaris.
1200 880 1206 888 ’

92 1071 101 1124 t
207 1023 266 1091 83.
283 1017 342 1090 84.
393 1018 469 1089 Pro
482 1019 615 1092 veteris
629 1018 842 1092 membrano
852 1017 993 1093 Luneb.
1010 1021 1096 1116 legit
1108 1045 1229 1111 „ven-

139 1153 242 1244 tris,“
268 1153 367 1247 quod
381 1177 473 1226 oum
494 1155 636 1226 somnia
658 1153 703 1226 sb
718 1165 855 1247 aegroto
872 1167 997 1228 ventre
1012 1155 1228 1256 plerumque
1259 1219 1263 1230 .

138 1287 432 1384 proficiscantur,
471 1285 580 1358 facile
607 1287 884 1373 admittendmn,
923 1290 955 1358 si
975 1288 1137 1381 plurium
1157 1295 1228 1364 iir-

139 1421 414 1499 mstumsuisset
429 1421 650 1494 auctoritate.
702 1421 822 1494 Hsun.
847 1442 985 1494 omnes:
1014 1425 1157 1494 vetoris.
1180 1449 1226 1497 sc.

138 1557 367 1653 philosophi,
391 1576 424 1632 v.
443 1581 471 1626 c.
494 1554 666 1650 Epicuri,
692 1554 794 1626 cuius
814 1555 885 1626 hoc
909 1565 987 1626 erut
1006 1523 1228 1652 principium

138 1693 346 1790 physicumt
379 1690 546 1784 „Nullam
566 1709 646 1804 rens
664 1711 684 1756 e
699 1686 816 1758 nihilo
832 1687 929 1786 gigni
950 1691 1121 1766 divinitus
1137 1717 1226 1766 um-

139 1827 443 1922 qusm‚“Luorot.
462 1851 496 1914 ι,
518 1825 599 1895 150.
625 1823 834 1916 „Epicuroei
856 1825 999 1914 dicunt,
1030 1827 1225 1920 nituisses,

138 1957 236 2056 'quod
252 1987 326 2034 non
340 1963 470 2034 habeat
483 1959 662 2050 originem
678 1957 753 2050 sui3
785 1959 958 2034 namhoc
986 1971 1040 2030 est
1059 1959 1159 2052 gigni
1180 1959 1226 2035 de

137 2095 289 2168 nihilo.“
314 2097 415 2168 Serv.
432 2095 477 2162 ad
492 2091 594 2186 Virg.
606 2091 742 2186 Georg.
755 2115 788 2185 o,
805 2097 864 2188 49.
890 2093 973 2164 Hoc
991 2093 1234 2166 fundamento

136 2232 286 2323 antiqua
311 2227 519 2300 nitebantur
550 2235 743 2318 systemata
772 2226 1089 2320 philosophorum,
1133 2250 1165 2302 v.
1192 2251 1223 2299 o·

134 2363 361 2460 linuagorae
375 2359 579 2434 confilmlles
593 2369 724 2452 parles,
748 2371 853 2442 dom
861 2391 960 2446 μερηι
979 2361 1062 2434 Vid.
1075 2361 1221 2434 Arlsioi.

134 2499 335 2595 Metephys.
357 2519 390 2587 1,
406 2497 439 2569 ὅ.
457 2493 566 2591 Phys.
580 2517 613 2587 1,
628 2495 662 2565 4.
680 2495 725 2565 de
741 2497 988 2574 Generatione
1002 2508 1039 2567 et
1050 2497 1221 2588 corrupt.

27 2723 28 2726 Ἴ
138 2660 170 2722 ι,
191 2657 225 2706 ι.
255 2635 343 2708 Cod.
367 2631 571 2725 Tigurinus
592 2652 676 2702 cum
697 2632 825 2706 Reizio
849 2641 886 2701 et
903 2628 1103 2700 Possowio:
1142 2629 1223 2714 „Do
1356 2611 1362 2622 ’

134 2768 253 2838 nihilo
268 2767 359 2837 nihil
372 2766 439 2834 in“
455 2758 525 2834 &e

213 2899 273 2970 85.
292 2937 301 2944 ·
320 2895 435 2968 Oodd.
457 2895 580 2966 Houn.
607 2894 641 2964 3.
668 2893 702 2963 4.
729 2895 762 2964 5.
790 2894 895 2984 „I-ioc
911 2903 965 2964 est
985 2891 1095 2964 cur.“
1113 2891 1172 2962 Sic
1189 2901 1225 2960 et

136 3032 336 3106 'lhuenens
360 3029 458 3122 apud
478 3025 748 3116 Achaiunium,
781 3027 861 3098 edd.
887 3029 969 3098 duae
992 3025 1143 3098 Venetae
1168 3047 1223 3094 an.

141 3169 237 3262 1449
260 3177 296 3238 et
319 3167 425 3258 1492.
447 3174 486 3238 et
500 3161 755 3256 Lugdunensis
779 3163 883 3234 1510.
899 3159 996 3253 apud
1011 3160 1224 3248 Weberum‚

135 3303 224 3372 item
240 3297 504 3374 Murmellians.
547 3297 668 3366 Ceteri
688 3297 790 3370 codd.
812 3309 850 3368 et
869 3297 949 3370 edd.
972 3319 1053 3368 oum
1070 3295 1224 3398 Pithoeo

136 3446 174 3506 et
188 3435 424 3508 casaubono:
449 3429 535 3507 Hoc
558 3442 614 3502 est
629 3433 737 3530 quod.
748 3434 780 3528 *)
829 3431 1084 3504 Hususuensis:
1115 3453 1223 3522 „cum

136 3665 430 3699 ...q-.—

154 3792 185 3868 ¹⁵)
220 3795 338 3856 Weber
353 3795 450 3870 „eur“
466 3789 625 3853 existimat
639 3786 767 3870 glossam
781 3815 848 3856 esso
865 3795 985 3855 voonlae
1001 3789 1097 3874 quod,
1119 3780 1226 3846 adutt-

219 3917 294 3974 quo:
315 3898 453 3972 „Censor
470 3895 743 3975 Ileidolborgensis
756 3909 915 3979 comparat
930 3887 1224 3974 virg.AE11.2,6tt.
1250 3911 1253 3921 ·
1331 3939 1334 3954 .

219 4001 399 4076 „Hoo'erst‚
420 3999 635 4079 almipotens,
658 3999 740 4078 qnod
757 4021 806 4060 nio
823 4021 882 4082 per
898 3999 961 4061 telo
976 3995 1094 4076 oripis“
1106 3995 1224 4056 Cossu-

219 4105 337 4168 honum
353 4103 532 4182 sinpernus
541 4147 550 4179 ‚
572 4102 656 4184 quod
673 4105 782 4164 Senes.
797 4106 855 4184 Ep.
870 4101 921 4173 48.
950 4101 1039 4177 „Hoc
1055 4109 1120 4179 est,
1140 4099 1225 4182 quod

219 4209 327 4270 tristes
348 4207 496 4269 (locemus
516 4217 548 4268 et
562 4201 727 4286 'palliato‘
755 4210 878 4284 offerat,
911 4205 967 4268 ubi
992 4207 1077 4288 quod
1097 4205 1225 4268 relativi

218 4313 286 4378 vim
311 4313 432 4376 habeat
489 4311 552 4372 Sed
573 4309 655 4372 nihil
677 4311 827 4391 impedit,
863 4309 1027 4394 quominus
1050 4311 1142 4374 etism
1163 4309 1224 4370 hoo

216 4419 319 4482 Persii
335 4419 405 4480 looo
429 4419 516 4500 quod
527 4413 694 4482 relativum
711 4415 767 4496 sit,
794 4431 890 4500 quum
899 4417 1026 4499 polim
1040 4438 1112 4482 oum
1129 4433 1225 4480 seeu-

220 4525 318 4590 sstivo
334 4523 567 4588 comnintuw

987 4567 1025 4688 n
