2938 5208
287 429 360 512 §.to
533 493 547 526 b
694 422 955 511 ssu.r1.‚47.
1085 457 1089 466 .

842 565 1046 587 ...ι-ιη..-

288 715 419 785 restes‚
446 697 595 789 captiui,
615 696 747 783 omnia,
770 686 898 788 quibus
910 695 1135 788 triumphum
1145 695 1197 776 ‚de
1213 697 1351 770 Germa-
1438 666 1445 766 l

288 838 345 907 nis
377 856 510 904 ornere
547 841 686 958 posset,
732 829 1021 923 quandoquidem
1052 849 1184 902 revera
1219 831 1350 923 spoliati,

288 971 382 1064 capti
397 980 433 1038 et
448 965 576 1039 devicti
594 985 668 1034 non
682 973 794 1034 erant.
845 963 937 1034 Haec
953 965 1064 1056 igitur
1075 966 1239 1057 paranda
1255 965 1353 1034 locat:

286 1105 556 1196 redemptorum
571 1095 606 1191 Ψ)
621 1097 811 1167 minimum
825 1099 985 1190 poscenti
1002 1099 1143 1190 publice
1160 1099 1305 1186 addicit,
1325 1107 1355 1165 ut

286 1248 323 1308 et
337 1245 506 1328 prompta
523 1241 640 1302 essent
663 1233 702 1299 in
724 1230 976 1302 similationem
994 1233 1072 1304 veri
1089 1231 1283 1324 triumphi,
1306 1255 1355 1302 re-

286 1389 441 1462 rumque
457 1335 619 1437 hostibus
636 1365 897 1452 detracturum,
924 1375 960 1435 et
981 1365 1131 1436 minimo
1147 1377 1307 1457 sumptu,
1327 1373 1360 1434 ut

203 1504 210 1529 '¹
285 1507 485 1597 imperator
502 1502 580 1594 ipse
596 1501 757 1584 iusserat,
770 1475 995 1568 'constarent
1047 1501 1249 1592 scripserat
1262 1498 1357 1570 truni-

284 1657 367 1710 rum
382 1633 677 1729 procuratoribus
694 1633 872 1726 Caligula:
897 1631 1144 1724 „triumphum
1159 1641 1361 1726 appararent

285 1794 393 1865 quam
421 1769 569 1840 minima
597 1789 756 1852 summa,
793 1767 858 1838 sed
888 1779 1040 1860 quantus
1065 1791 1262 1860 numquam
1284 1768 1362 1836 alius

285 1905 428 1992 fuisset,
454 1899 594 1996 quando
615 1901 654 1968 in
676 1901 835 1972 omnium
858 1901 1046 1994 hominum
1064 1901 1162 1972 bona
1181 1903 1238 1971 ius
1257 1901 1362 1971 hebe-

285 2041 403 2112 rent.“
434 2039 577 2110 Sueten.
595 2032 675 2106 eat.
702 2035 758 2122 47.
811 2035 925 2106 Recte
947 2035 1081 2104 iudicat
1101 2035 1268 2129 Koenig,
1291 2034 1363 2105 loco

286 2193 431 2244 omnem
454 2187 558 2264 paene
578 2170 651 2242 rim
673 2179 709 2236 et
730 2167 839 2238 salem
870 2187 914 2239 eo
937 2169 1124 2240 abstulisse
1141 2173 1367 2264 interpretes,
1444 2261 1445 2266 ἵ

286 2307 383 2398 quod
400 2306 522 2374 locoru
537 2324 606 2394 pro
622 2301 867 2394 „disponere“
882 2305 1096 2395 acceperint.
1119 2305 1209 2385 ⁴Sed
1225 2303 1371 2388 fallitur,

208 2414 212 2428 ¹
284 2461 367 2508 cum
380 2436 567 2506 meliorem
578 2433 670 2504 hane
684 2436 1016 2526 interpretationem
1022 2435 1372 2514 tribuatNic.Hein-

204 2563 210 2570 ’
284 2572 349 2642 sio.
399 2568 538 2641 Verum
554 2579 738 2640 auctorem
751 2592 828 2638 esse
842 2564 868 2638 l.
883 2569 927 2638 F.
942 2567 1186 2655 Gronovius,
1211 2569 1379 2643 ostendit

284 2703 393 2774 huius
408 2703 477 2774 viri
492 2700 646 2793 epistola
660 2703 705 2772 ad
720 2701 764 2774 N.
778 2703 971 2774 Heinsium
993 2703 1117 2789 missa,
1137 2702 1234 2774 unde
1259 2703 1379 2775 verbs

190 2855 199 2876 '
246 2913 251 2927 ,
284 2863 364 2948 rem
393 2836 542 2908 uberius
571 2827 1010 2930 illustranua'apponamt
1057 2837 1245 2927 „Verbum
1277 2837 1378 2906 locat

194 3023 199 3030 -
253 3041 263 3054 ,
284 2970 401 3044 Persii
411 2969 445 3056 6,
463 2973 520 3059 47.
538 2973 634 3064 quod
649 2971 918 3061 interpretariss
943 2971 1125 3068 „disponit
1138 2971 1194 3042 vel
1210 2972 1380 3063 postibus

285 3103 431 3198 affigit,“
445 3103 565 3196 paullo
575 3103 678 3176 aliter
691 3103 904 3195 capiendum
914 3105 1058 3176 videtur
1067 3105 1171 3176 mihi:
1192 3081 1383 3174 nimirum

284 3249 324 3308 ut
339 3237 435 3329 apud
458 3237 648 3306 Romanos
662 3237 855 3330 scriptores
870 3261 1036 3309 censores
1053 3239 1186 3309 locasse
1200 3238 1383 3309 dicuntur

229 3457 230 3462 ἵ
269 3365 428 3464 *publiea
450 3392 560 3462 opera
566 3419 579 3455 ,
605 3339 666 3439 sut
688 3381 727 3441 ut
745 3371 991 3462 iurisconsulti
1016 3397 1060 3442 eo
1075 3373 1185 3445 verbo
1207 3383 1384 3442 utuntur.

283 3505 362 3577 Nisi
385 3499 510 3589 fallor,
531 3499 642 3572 habes
667 3504 810 3596 egregie
833 3507 930 3596 apud
943 3490 1127 3576 Ceriacium
1143 3509 1182 3576 in
1194 3507 1391 3612 obserua-

174 3715 176 3720 ,
282 3635 440 3710 tionibus
459 3645 495 3706 et
518 3629 692 3726 paratitlis
720 3638 758 3708 in
779 3640 977 3710 Pandectns
1000 3641 1044 3708 ad
1065 3639 1206 3708 titulum
1220 3640 1395 3712 Loculi.

163 3817 173 3826 -
258 3843 260 3846 ,
283 3773 382 3844 Hinc
403 3773 497 3842 inter
514 3801 552 3836 co
570 3767 691 3840 locare
705 3751 752 3840 ⁴et
771 3793 917 3862 ponere
929 3775 1024 3842 eluro
1041 3773 1225 3882 distinguit
1241 3775 1395 3846 Sueto-

283 3907 365 3976 nius
388 3907 427 3978 iu
449 3902 601 3977 Claudio
620 3927 651 3972 o.
680 3925 715 3995 9.
742 3905 839 3997 quod
860 3903 1018 3974 Neronis
1038 3917 1076 3976 et
1095 3906 1208 3978 Drusi
1231 3921 1401 3980 ,statuas

179 4121 217 4136 Ι,
283 4039 429 4130 segnius
452 4025 624 4138 locandas
651 4040 910 4136 ponendasque
932 4049 1100 4111 curasset.
1151 4037 1404 4115 Locatast:

286 4211 579 4230 -Ι--ι-ιι

215 4383 219 4392 .
305 4333 337 4414 t)
367 4337 600 4422 „Redemptum
620 4361 661 4403 ex
676 4341 883 4408 marmoribus
902 4341 1027 4426 seriptis
1042 4341 1123 4428 apud
1141 4343 1239 4406 Grut.
1265 4349 1360 4426 642,
1377 4367 1410 4409 2.

367 4451 420 4505 &a
441 4445 481 4504 cf.
497 4449 568 4507 Car.
585 4429 648 4507 1⁴⁴0:
661 4447 701 4507 ad
716 4437 795 4510 Hos.
812 4448 871 4510 Od.
889 4443 919 4526 3,
937 4469 962 4522 t,
980 4449 1031 4510 35.
