3052 5202
238 389 309 458 256
497 409 502 416 ·
608 387 955 469 snr.rtr.,·21-st.

997 531 1321 554 w

236 667 355 736 rimas
368 661 525 752 indieot;
558 660 608 729 ita
627 669 669 732 tu
682 659 777 730 sutili
793 682 958 732 sermone
981 662 1218 754 ignorantiam
1233 689 1322 758 pro-

172 795 175 802 ’
236 799 326 871 ᾱίε.“
381 795 479 867 Idem
509 795 655 868 brevius
686 795 875 888 utriusque
908 795 1041 890 linguae
1071 799 1323 888 proverbium:

237 943 371 1017 etoyoe
389 935 535 998 indotos
555 937 607 1000 s'cs
623 957 685 1010 tur
704 939 831 1012 ἔργων,
867 931 983 1002 oratio
1005 931 1184 1002 sactorum
1209 933 1321 1002 simu-

234 1067 391 1154 lacrum,
416 1075 469 1136 et:
504 1074 579 1134 isos
603 1073 618 1132 ὁ
644 1071 756 1147 loros,
798 1093 937 1134 torosos
974 1063 1025 1135 t'e·
1050 1074 1152 1132 sust
1183 1095 1321 1148 eponae,

236 1199 351 1294 qualis
367 1199 503 1286 oratio,
527 1199 613 1272 tales
628 1201 715 1271 item
734 1223 867 1272 mores.
918 1205 1074 1297 Propius
1098 1213 1222 1272 nostro
1241 1201 1321 1271 loco

236 1345 288 1404 est
304 1333 441 1416 dictum
461 1335 636 1430 Diogenis
657 1335 755 1428 apud
777 1336 965 1410 Laertium
996 1337 1031 1425 6,
1054 1339 1086 1408 5.
1115 1335 1248 1406 mirari¹
1273 1357 1322 1422 se,

236 1469 431 1560 quodcum
445 1469 552 1562 ollam
567 1482 604 1540 ot
619 1472 831 1562 operculum
847 1474 997 1542 emendo
1013 1473 1124 1564 (tactu
1139 1472 1275 1542 scilicet
1290 1483 1324 1540 ot

145 1708 147 1718 Ι
235 1601 382 1694 tinnitu)
401 1603 641 1695 exploremus,
650 1599 681 1700 *)
703 1603 780 1674 solo
794 1604 832 1672 in
846 1604 993 1674 homine
1010 1607 1163 1676 emendo
1179 1616 1323 1718 aspectu

235 1723 392 1806 contenti
413 1736 568 1831 simus“;
594 1749 630 1808 et
648 1737 800 1810 Luciani
823 1738 863 1808 in
879 1719 1241 1832 Dialogu'l'ychidde
1261 1741 1322 1808 in-

236 1872 429 1964 quirentis,
457 1897 504 1943 au
524 1875 714 1966 parasitico
735 1897 795 1944 ars
821 1873 869 1944 sit
891 1883 925 1944 et
944 1895 1041 1946 verae
1056 1873 1125 1942 arti
1139 1882 1322 1958 consonet,
1413 1915 1416 1923 ·
1461 1857 1462 1872 ¹

234 2007 580 2098 „quemadmodum
605 2010 670 2096 ait,
696 2009 777 2080 ollse
792 2009 929 2104 vitiosae
945 2006 1154 2100 pulsantur,
1179 2031 1224 2076 sn
1240 2029 1321 2076 ma·-

233 2138 330 2228 ligue
348 2151 530 2210 resonent.
552 2145 601 2220 **)
660 2145 876 2235 Tautologis
904 2143 944 2210 in
974 2109 1110 2214 sonare¹
1128 2143 1262 2216 vitium
1288 2151 1324 2212 et

146 2243 149 2272 ¹
205 2268 395 2360 'maligne'
419 2273 659 2362 respondere,
707 2273 821 2342 viridi
845 2273 934 2342 lirino
959 2285 996 2342 et
1019 2273 1093 2366 fid.
1120 2301 1194 2376 non
1219 2288 1323 2346 cocta

157 2436 166 2462 s
231 2401 311 2472 loco
327 2398 490 2472 ultimam
505 2401 628 2474 limam
643 2403 799 2474 defuisse
814 2405 955 2495 prodit,
989 2407 1089 2498 quod
1105 2409 1188 2478 vitae
1204 2408 1324 2479 Persii

234 2533 412 2624 convenit,
431 2559 515 2607 cum
528 2537 662 2610 librum
677 2537 721 2608 ab
735 2561 777 2608 eo
793 2535 1048 2630 imperfectum
1062 2536 1228 2608 relictum
1243 2563 1323 2610 osse

232 2671 399 2741 truditur.

309 2806 367 2875 s3.
418 2797 654 2900 Persequitur
677 2806 886 2900 allegoriam
913 2804 1137 2898 desumptam
1157 2829 1179 2874 a
1202 2807 1323 2902 figulo,

234 2940 297 3032 qui
313 2949 393 3008 roto
406 2937 508 3034 fingit
520 2965 604 3014 voss
618 2966 699 3014 suu·
726 2943 847 3032 „Dum
864 2941 979 3019 adhuc
992 2941 1076 3010 sotis
1090 2941 1256 3014 flexibilis
1271 2967 1322 3030 es,

231 3073 335 3143 bonis
355 3075 491 3145 artibus
514 3077 706 3171 diligenter
730 3099 768 3147 os
789 3075 1057 3152 informandus,
1085 3087 1120 3146 ct
1140 3077 1320 3148 severiore

233 3207 420 3298 disciplina
452 3211 532 3280 sino
563 3235 667 3282 moro
698 3211 958 3282 coercendus.“
1031 3211 1106 3280 Pro
1135 3209 1255 3280 lutum
1282 3233 1323 3278 es

232 3338 418 3452 esemplsr
434 3343 576 3414 Pithoei
589 3345 885 3416 vetustissimum:
910 3345 955 3434 „l
973 3345 1063 3419 est.“.

309 3536 459 3608 24-26.
513 3539 588 3612 Sed
618 3566 704 3614 rure
810 3542 970 3641 patella.
1029 3539 1195 3611 Otiosum
1218 3515 1319 3626 {,est“

172 3667 184 3689 “
232 3673 271 3742 in
294 3673 367 3744 fine
395 3657 499 3744 omisi
521 3699 603 3745 cum
621 3675 805 3747 Psssowio
831 3690 867 3748 et
887 3673 1043 3762 Orellio‚
1074 3673 1179 3747 codd.
1195 3673 1319 3742 Haun.

234 3831 377 3900 omnes,
401 3805 563 3889 Norimb.
592 3809 673 3904 Tig.
692 3817 729 3882 et
740 3821 815 3882 tres
832 3803 1029 3882 Achaintrii
1043 3819 1195 3880 secutus.
1221 3807 1323 3878 Mei-

137 3952 139 3962 '
234 3949 351 4010 sterus
375 3944 425 4014 ita
446 3945 723 4040 interpretatur:
772 3947 861 4036 „Est
880 3943 944 4015 tibi
966 3941 1226 4038 patrimonium
1246 3963 1321 4010 non

246 4217 275 4284 ¹)
319 4215 344 4270 ἶ·
362 4237 459 4288 tueor
476 4243 527 4295 μιν
543 4245 588 4281 και
605 4221 707 4286 tonate
723 4227 850 4300 dromos
866 4247 1004 4298 mmm·

233 4339 272 4410 ’ἢ
317 4342 437 4412 καθαπερ
453 4343 481 4399 ds
497 4365 605 4417 πονεραι
632 4371 724 4420 prom
751 4348 947 4423 διακρυομεναι,
988 4367 1025 4420 μη
1054 4361 1153 4420 sonoro
1181 4349 1321 4420 ἀποφθεγ-

198 4463 203 4486 0
319 4449 406 4502 γηται.
