3052 5202
287 421 292 436 ’
320 427 392 498 etio
676 441 764 494 aar.
785 444 862 510 111,
890 428 946 494 50.
963 427 1020 496 δι.

322 569 649 596 Ἣ

319 704 382 772 diu
406 702 628 794 neglectum,
654 667 834 792 Augustus
858 700 1002 782 dominu
1026 689 1186 774 reduxit:
1212 699 1407 793 „Equitum
1483 760 1484 770 ,

316 837 454 906 turmas
469 835 679 930 frequenter
694 834 923 928 recognovit,
947 845 1030 928 post
1043 834 1188 928 longam
1201 835 1403 932 intercape-

317 971 440 1040 dinem
454 968 605 1038 reducto
622 991 726 1038 more
740 968 1047 1042 tranneceonisr‘
1071 971 1218 1042 Sueten.
1236 967 1329 1064 Aug.
1348 976 1403 1042 40.

315 1107 357 1174 In
378 1103 641 1185 transvectione
656 1100 810 1172 solemni
824 1099 899 1176 eive
920 1108 1039 1174 annua
1054 1109 1217 1190 (ἐσησιαν
1239 1115 1405 1183 ¹tticum

316 1249 422 1312 vocet
435 1237 509 1306 Dio
524 1236 562 1311 in
574 1235 723 1306 Nerone
742 1235 816 1327 15.)
841 1236 1019 1330 recogniti
1034 1238 1184 1332 equites,
1209 1251 1249 1310 et
1265 1238 1406 1311 salutati

317 1375 361 1444 ab
377 1375 429 1444 eie
445 1393 622 1442 censores.
649 1369 871 1452 Pnaoraee)
885 1391 994 1444 sensu
1002 1373 1173 1465 proprio:
1197 1383 1407 1448 ornamenta

317 1529 507 1599 equorum,
524 1484 791 1594 metaphorico:
819 1505 931 1576 verbe
945 1505 1063 1574 tircate
1080 1505 1242 1600 (Terent.
1258 1507 1405 1582 Phorm.

317 1643 352 1728 ὅ,
367 1663 401 1728 a,
418 1635 490 1730 15.)
516 1635 733 1729 significant3
760 1633 897 1726 (barth.
912 1595 1063 1710 Adveis·
1082 1641 1141 1727 24,
1159 1642 1211 1731 5.)
1227 1652 1310 1714 utro
1324 1641 1408 1711 heic

315 1773 425 1844 modo
441 1780 642 1858 sumantur,
666 1767 719 1840 nil
732 1769 875 1842 videtur
890 1769 1051 1864 reterre,
1074 1768 1192 1844 saltim
1208 1798 1283 1869 non
1299 1777 1410 1849 dixe-

315 1881 387 1979 rint
413 1931 495 1978 oum
519 1904 751 1991 casaubono,
796 1903 886 1976 nibil
909 1905 1059 1992 omnino
1080 1905 1134 1976 illi
1161 1907 1412 2014 observationi

315 2043 562 2127 tribuendum,
588 2063 669 2132 quae
684 2034 921 2130 phalerarum
935 2040 1042 2114 docet
1054 2041 1137 2112 ideo
1151 2039 1231 2112 fieri
1244 2038 1413 2112 mentio-

315 2199 419 2261 nem,
446 2174 532 2262 quia
546 2193 667 2240 sermo
682 2171 731 2238 stt
747 2171 792 2240 de
811 2173 943 2264 equite.
981 2175 1138 2246 Notatur
1153 2185 1303 2247 externa
1317 2195 1411 2268 spe-

302 2295 555 2400 ciesdecora,
580 2300 638 2370 cui
655 2301 873 2396 opponitur,
895 2305 994 2396 quod
1009 2306 1111 2378 intus
1125 2321 1164 2378 et
1178 2310 1220 2382 in
1235 2317 1321 2408 cute
1343 2317 1410 2378 est.

392 2506 449 2574 31.
500 2497 686 2589 „Nactae“:
712 2495 834 2568 Haun.
856 2517 888 2568 a.
911 2497 945 2572 5.
973 2500 1007 2570 4.
1034 2501 1067 2571 5.
1097 2499 1131 2572 6.
1157 2501 1300 2578 Luneb.
1324 2507 1412 2600 Τίς.

230 2619 233 2626 ’
315 2639 407 2712 Hus.
424 2647 459 2706 et
473 2635 575 2706 codd.
594 2632 769 2712 Turnebi.
797 2602 1030 2721 ,‚Ni1tae“vet
1046 2633 1164 2706 Schol.
1183 2647 1219 2708 et
1230 2638 1352 2709 Haun.
1377 2663 1412 2708 1.

316 2772 430 2845 Varie
461 2767 569 2838 scribi
598 2765 667 2836 hoc
691 2789 844 2838 nomen:
892 2769 1040 2857 Natam,
1068 2769 1229 2860 Nattam,
1259 2758 1414 2862 Nucem,

315 2907 485 2993 Nectum,
519 2911 555 2971 et
578 2902 623 2970 de
644 2899 723 2970 eius
749 2901 1008 2996 orthographia
1029 2903 1120 2975 nihil
1141 2905 1212 2977 dici
1234 2929 1340 2999 posse
1363 2931 1413 2978 ex

319 3051 481 3114 veterum
498 3034 783 3122 commentariis,
806 3035 880 3140 iarn
903 3037 1109 3110 observarit
1121 3036 1177 3110 El.
1195 3037 1347 3114 Vinctus
1362 3041 1413 3112 ad

315 3171 354 3241 h.
371 3173 394 3242 l.
427 3169 644 3239 scholiastes
657 3167 787 3256 Persii,
812 3169 989 3256 „Nata1n“
1010 3169 1182 3261 scribens,
1204 3197 1338 3246 nomen
1362 3176 1412 3246 ab

215 3338 218 3350 ι
316 3303 478 3408 Ηοη.ιῐὶοΙ
495 3281 580 3393 (Sal.
610 3325 642 3390 1,
667 3299 702 3392 6,
730 3299 1062 3394 :athernacum
1087 3317 1207 3403 putat5
1243 3309 1296 3381 ibi
1318 3333 1411 3386 vcro

316 3505 609 3528 m
652 3491 657 3516 l

461 3527 465 3550 t

335 3629 366 3704 ⁴²)
401 3628 437 3687 In
448 3624 539 3686 codd.
544 3623 693 3704 phalerae
701 3643 935 3710 nonnumquam
952 3649 1009 3714 per
1022 3634 1041 3694 t'
1049 3633 1172 3716 scriptu
1185 3633 1411 3716 reperiuntuu

281 3785 286 3792 .
399 3727 925 3810 verumsequimurGrammaticum
934 3738 1094 3818 antiqnurn
1105 3739 1249 3798 Flavium
1258 3739 1412 3818 Captum,

333 3865 337 3886 .
401 3833 507 3916 qni'ita
521 3832 679 3914 praecipit:
699 3833 858 3916 „Pbryne,
876 3841 1026 3917 Phalanx,
1044 3843 1244 3920 Phronimus,
1266 3841 1411 3904 Phalereo

400 3959 458 4019 per
472 3959 494 4018 p
509 3949 542 3999 et
553 3937 584 3999 b.
605 3935 771 4000 scribenda
786 3948 889 4008 sunt.“
908 3949 1034 4010 Putsch.
1048 3969 1074 4009 c.
1091 3945 1181 4012 2240.
1202 3948 1410 4027 singularem,

401 4063 494 4122 quem
518 4041 706 4119 Diomedes,
738 4047 865 4114 Putseb.
887 4071 913 4113 c.
936 4055 1010 4116 315.
1032 4065 1063 4116 et
1089 4057 1193 4118 Varro
1203 4055 1258 4126 J..
1272 4053 1312 4114 Ι..
1330 4069 1360 4129 9,
1376 4053 1410 4110 4.

398 4155 527 4222 negant,
556 4145 592 4207 in
612 4147 720 4224 glossis
736 4151 859 4217 Philox.
879 4157 972 4216 modo
989 4161 1165 4240 reperitur,
1191 4179 1263 4220 nam
1278 4153 1412 4237 phalera

398 4249 499 4326 posita
521 4253 604 4330 apud
627 4253 767 4317 Plinium
794 4257 834 4318 Η.
860 4259 900 4321 Ν.
918 4253 968 4336 33,
990 4281 1015 4322 1.
1033 4247 1139 4326 utrnin
1162 4263 1241 4342 sing.
1261 4261 1336 4321 fem.
1357 4255 1410 4334 alt,

398 4371 438 4411 an
469 4353 552 4431 plur.
576 4369 744 4432 neutrum,
783 4359 940 4426 incertum
966 4371 1023 4428 en.
1052 4367 1094 4431 ot.
1110 4369 1150 4434 K.
1166 4367 1204 4432 L.
1222 4361 1411 4447 schneider,

397 4455 584 4516 Formlebro
600 4475 631 4538 p.
649 4463 719 4524 423.
