2984 5204
464 461 553 516 aaa.
574 455 735 532 v.,*t11.
760 468 837 514 tta.
1130 449 1202 542 429

116 743 163 794 ex
184 719 360 809 Horatio,
385 719 447 814 qui
468 719 634 793 similiter
652 741 801 794 avarum
816 719 969 793 liberum
987 745 1064 792 esse
1081 735 1202 818 negat:

114 856 213 946 „Qui
234 853 365 926 molior
383 877 510 943 aomo,
536 853 600 948 qui
620 851 772 926 liberior
791 852 839 946 ait
859 855 1070 946 avarum-ln
1085 858 1204 932 triviis

114 989 227 1060 fixum
243 1013 325 1060 eum
340 960 381 1058 aa
395 987 548 1058 demittit
567 985 614 1058 ob
630 1009 764 1076 mam,
787 985 871 1060 Non
889 989 1014 1094 videm
1038 993 1202 1085 namqui

115 1123 247 1217 cupiet,
264 1101 400 1194 meluet
413 1119 576 1216 qiaoque5
599 1089 712 1214 porro
721 1121 796 1212 Qui
807 1134 969 1194 metuens
985 1126 1092 1215 vivet,
1108 1125 1201 1199 libor

113 1255 203 1328 mihi
219 1279 293 1328 non
310 1257 381 1328 erit
396 1254 604 1350 umquam.“
626 1250 696 1348 Ep.
716 1273 748 1344 1,
766 1253 822 1342 16,
836 1255 894 1328 63.
939 1255 1072 1330 lisdem
1088 1261 1200 1334 utitur

114 1389 296 1482 coloribus
319 1368 531 1479 Petronius,
564 1409 648 1460 cum
670 1409 819 1460 avarum
843 1389 983 1482 pingat:
1014 1387 1100 1480 ,Ab
1122 1411 1202 1465 asse

113 1527 262 1614 erevit,“
289 1525 386 1618 (cum
405 1521 509 1596 initio
524 1522 586 1598 rix
601 1521 751 1594 haberet
767 1543 894 1612 assem,
917 1526 1104 1597 tenacitate
1120 1527 1200 1600 sae·

112 1672 170 1734 tus
187 1673 245 1732 est
256 1661 376 1749 divos,
401 1655 450 1753 et)
472 1669 617 1752 paratus
642 1655 712 1730 suit
728 1656 962 1752 quadrantem
978 1659 1023 1730 de
1039 1669 1200 1734 stercore

112 1795 299 1870 mordicus
310 1791 473 1866 tollerat‘
501 1791 652 1888 Satyric.
679 1791 738 1864 45.
791 1793 937 1866 Praeivit
948 1795 1099 1871 satiricis
1116 1821 1199 1866 curn
1291 1841 1295 1856 -

112 1929 310 2004 verborum
330 1938 408 2000 tum
431 1929 614 2002 renuntia
635 1927 870 2000 mordacitate
881 1927 1070 2016 Lucilius,
1095 1929 1198 2000 ouius
1283 1987 1286 1997 .

110 2061 183 2134 hoe
197 2063 252 2136 est
264 2063 303 2134 in
313 2061 537 2160 fragmentis:
559 2063 768 2152 „lllordieus
776 2061 1197 2158 peureaurumettam-

109 2219 173 2268 ma
186 2195 371 2290 expediat,
396 2219 417 2268 e
434 2219 534 2268 caeno
549 2195 704 2268 eibum.“

190 2406 270 2456 ua.
322 2385 422 2474 „Neo
437 2384 560 2458 voraci
574 2373 766 2478 eupiditate
780 2361 883 2452 lu‘cro
899 2375 1042 2454 inhias?
1079 2379 1196 2452 Glut-

108 2528 171 2588 tur
192 2513 250 2590 tel
263 2515 402 2612 glutus,
428 2543 500 2594 vox
516 2515 845 2610 onomatopoetica,
872 2515 1078 2608 qarosauees
1097 2514 1198 2590 desi-
1230 2589 1239 2602 ,

106 2661 285 2744 guantur,
316 2627 375 2726 vel
397 2677 439 2722 ea
458 2677 544 2746 pars
565 2651 669 2736 colli,
705 2671 776 2739 qua
800 2647 872 2718 eibi
895 2651 1195 2719 transmittuntur.

106 2783 202 2856 Nam
221 2781 348 2875 „glut‘
369 2794 422 2855 est
445 2775 594 2853 imitatio
617 2781 718 2868 soni,
744 2801 851 2873 quem
871 2779 944 2850 edit
958 2781 1099 2873 liquor,
1129 2759 1197 2872 per

108 2926 298 3008 angustum
312 2917 493 2986 tramitem
506 2937 638 2985 means.
665 2913 864 3004 „Gluttosa
876 2913 1043 3008 glutire,“
1057 2913 1197 2988 Gram-

55 3103 57 3113 .
107 3049 259 3120 malicus
276 3049 395 3141 Caper
409 3048 505 3139 apud
521 3045 729 3118 Putschium
750 3067 781 3114 e.
804 3048 910 3116 2248.
963 3048 1149 3135 „Perculit
1162 3060 1199 3120 ot

107 3181 244 3277 frangit
258 3205 338 3272 νᾶες
364 3183 487 3254 vinum
506 3179 648 3272 defluit,
674 3202 759 3248 ansa
773 3178 902 3250 Stricta
917 3175 994 3268 suit,
1018 3181 1105 3274 glut,
1121 3182 1198 3275 glut

106 3327 313 3388 murmurat
326 3319 422 3390 maa
438 3317 604 3388 satians.“
640 3311 789 3406 Vossius
803 3313 841 3386 in
854 3309 1010 3410 Etymol.
1036 3315 1102 3405 „Ia
1118 3315 1195 3390 Neo

108 3451 235 3546 gluttu.
285 3453 328 3523 In
343 3461 411 3552 vot.
428 3453 533 3544 gloss.
551 3419 810 3542 scriptumest:
837 3447 992 3538 Gluttus,
1009 3453 1196 3532 flauam
1295 3519 1299 3531 ,

106 3585 288 3658 Pithoeus.
339 3585 467 3658 Sullae
481 3609 551 3680 pro
568 3583 736 3678 appetitu.
789 3583 999 3677 „Quidquid
1020 3587 1127 3681 (vini)
1149 3587 1195 3682 ad

106 3717 254 3790 salivam
282 3719 385 3807 lacit,
424 3721 462 3792 in
488 3718 695 3794 suburbano
725 3716 920 3788 naseitur.“
951 3721 1105 3790 aaaron.
1133 3721 1192 3791 48.

107 3849 237 3920 Saliva
263 3854 512 3944 utereminlia,
552 3854 728 3944 cupiditas
760 3854 955 3923 devorandi
981 3849 1095 3938 lucri,
1133 3852 1192 3924 cni

105 3993 240 4077 praeast
259 3985 476 4057 Mercurius.
536 3987 777 4079 Damasippo,
806 3987 900 4056 lucri
921 3985 1191 4077 studiosissimo,

104 4155 397 4180 ——0-

186 4269 380 4350 plumbatum
403 4271 533 4352 inligare
540 4317 549 4348 ,
574 4285 611 4336 ut
628 4275 682 4355 qni
698 4271 856 4352 viderint,
876 4295 907 4334 se
924 4276 961 4335 ml
980 4274 1188 4368 colligendum

187 4372 358 4454 inclinent,
382 4399 439 4438 nec
460 4387 564 4439 umen
584 4379 705 4458 possint
725 4377 879 4458 avellem
908 4402 969 4461 qno
992 4381 1075 4442 laete
1095 4381 1187 4461 pucri
1318 4429 1328 4442 .

187 4472 281 4540 etiam
294 4481 466 4543 acelamare
480 4483 609 4546 solent.“
631 4487 701 4546 not.
719 4483 823 4546 Selml.
