2938 5208
159 432 163 445 ’
285 443 355 511 512
651 447 739 500 sau.
762 449 841 515 vn,
869 429 926 497 25.
944 425 1003 496 26.

283 581 492 604 ...ιι-ιι·-

286 717 353 788 sati
367 737 449 787 cum
464 705 673 806 placentulis
686 715 813 799 sponte
829 704 867 774 in
882 701 1003 776 fauces
1018 704 1248 796 volitabant‚“
1272 719 1312 778 ut
1328 709 1363 780 u't

286 861 396 946 poeta
407 845 612 921 Telcclides
626 844 721 935 apud
737 839 964 928 Athenaeum,
989 837 1163 932 Deipnos.
1182 861 1218 931 2,
1233 841 1293 913 68.
1309 849 1341 928 *)

363 1049 420 1118 25.
447 1045 504 1118 26.
555 1043 745 1128 Eundem,
769 1065 876 1132 quem
891 1041 969 1132 ipse
982 1041 1159 1136 sequitur,
1183 1039 1229 1113 ab
1244 1044 1367 1114 incon*

288 1186 360 1256 dita
367 1181 579 1277 profusione
596 1139 633 1248 et
647 1175 805 1270 expolito
819 1175 908 1246 luxu
923 1197 1026 1268 aeque
1042 1187 1235 1266 remotum,
1252 1201 1368 1248 rerum

286 1341 394 1388 usum
407 1314 485 1384 aliis
502 1333 646 1406 quoque
658 1311 833 1404 praecipit.
877 1306 1001 1380 Messe
1025 1321 1133 1379 tenus
1146 1317 1197 1396 **)
1215 1311 1370 1408 proprio

263 1513 266 1526 .
288 1451 378 1524 vive.
432 1447 645 1540 „Sumptum
666 1445 773 1514 facito
787 1467 856 1537 pro
872 1443 981 1514 modo
997 1441 1204 1515 facultatum
1220 1457 1369 1516 tuarum·

288 1585 344 1656 Ab
369 1585 535 1678 agricolis
559 1560 781 1669 traductum,
803 1577 866 1671 qui
883 1589 1047 1671 sumptus
1063 1579 1190 1650 annuis
1207 1603 1371 1686 agrorum

287 1718 518 1816 proventibus
528 1714 731 1786 metiuntur.
757 1711 883 1804 Neque
898 1713 997 1783 enim
1012 1735 1070 1784 res
1086 1715 1282 1784 consistere
1292 1723 1374 1804 pot-

289 1867 363 1943 est,
393 1876 477 1924 cum
500 1859 676 1944 quaestum
696 1857 845 1938 superat
864 1857 1045 1938 sumptus,
1076 1849 1371 1942 quemadmodum

289 1992 340 2062 ait
351 1986 534 2062 Plauun.“
558 1983 731 2054 Erasmus
746 1980 785 2049 in
798 1978 955 2073 Adagiis.
998 1981 1192 2055 Granaria
1209 1983 1259 2076 (5,
1278 1981 1375 2070 110.)

289 2125 424 2214 emole,
449 2141 639 2206 consume,
662 2115 759 2209 quod
776 2113 884 2186 fiebat
902 2111 1093 2208 molendo,
1119 2128 1181 2189 aut
1202 2117 1377 2189 trusatili-

286 2260 356 2332 bus
370 2254 496 2342 molis,
521 2273 609 2346 quas
622 2251 790 2344 iumenta,
816 2257 877 2318 aut
890 2248 1129 2338 versatilibus,
1151 2251 1241 2346 'quas
1255 2249 1378 2321 homi⁴

286 2413 352 2462 nes
368 2350 568 2461 trahebant.
594 2385 683 2452 Cato
706 2382 750 2451 de
763 2383 819 2452 Re
834 2383 936 2454 [lust.
954 2407 983 2454 c.
1002 2408 1055 2456 ro.
1081 2384 1172 2457 Plin.
1189 2387 1237 2456 H.
1255 2385 1300 2456 N.
1323 2383 1382 2472 56,

292 2525 347 2596 18.
398 2521 584 2612 Tempore
601 2485 709 2587 Plinii
727 2517 867 2604 „maior
880 2539 964 2610 pars
977 2517 1086 2588 Italiae
1101 2517 1206 2588 ruido
1222 2517 1388 2608 (aspero

270 2668 326 2729 ,οἱ
338 2647 610 2750 impolitoypilo
628 2649 804 2760 utebatur,
830 2653 919 2722 rotis
934 2654 1052 2743 etiam,
1078 2675 1164 2748 quas
1180 2673 1274 2746 aqua
1286 2673 1386 2759 tter-¹

288 2792 389 2863 sabat
406 2787 522 2859 obiter
537 2795 572 2858 et
585 2783 776 2856 molebat“
800 2783 850 2856 H.
865 2785 909 2858 N.
931 2787 988 2874 18,
1009 2807 1063 2856 ιο.
1104 2784 1204 2872 Quid
1218 2781 1388 2856 metuis?

291 2972 586 2998 *μ’

307 3089 343 3174 *)
373 3079 467 3139 θ’πται
491 3079 521 3138 δε
547 3079 636 3151 aazias
659 3075 718 3152 μετ’
748 3075 898 3152 dmum
925 3079 963 3140 ἔκ
993 3101 1040 3138 m
1069 3079 1178 3154 poeuyy'
1211 3079 1393 3140 inemo.

372 3178 508 3238 Tantum
526 3174 627 3236 turdis
649 3172 745 3234 hodic
766 3195 831 3235 uon
847 3173 962 3252 tribui,
984 3173 1090 3234 lorsam
1107 3175 1181 3234 inde
1200 3186 1262 3252 est,
1287 3177 1394 3256 qnod,

371 3279 464 3339 simul
481 3299 515 3338 ac
533 3277 614 3358 copti
630 3275 758 3352 fuerint,
781 3289 938 3354 assantur,
958 3277 1141 3366 plerumque
1156 3277 1258 3340 adbuc
1270 3281 1398 3354 maeri,

372 3380 448 3440 olim
461 3400 538 3442 vcro
554 3382 589 3442 in
606 3381 835 3460 ornithonibus‚
857 3383 970 3462 amplia
985 3384 1069 3444 villas
1083 3383 1178 3464 septis
1194 3393 1228 3444 et
1237 3383 1399 3464 peristy-

271 3539 275 3558 ,
371 3483 411 3544 lis
419 3527 429 3560 ,
450 3483 502 3544 vel
517 3485 601 3564 apud
616 3484 750 3546 fartores
764 3487 901 3548 urbanos
916 3487 950 3548 in
964 3487 1053 3546 collis
1065 3485 1203 3566 angustis
1219 3498 1251 3547 et
1264 3489 1403 3550 obscu-

372 3587 614 3675 rimabamur,
636 3599 672 3650 ut
686 3589 748 3650 cito
763 3589 1009 3671 pinguescerent
1051 3591 1196 3652 Tardum
1218 3593 1403 3654 vermibus

372 3678 659 3776 pastum,'eiusqne
677 3713 805 3758 carnem
821 3697 968 3769 fibrosam
982 3695 1095 3772 tuisse,
1118 3695 1216 3758 tradit
1239 3695 1406 3763 Galenus

373 3797 469 3861 Alim.
486 3799 603 3860 Facult
621 3802 650 3876 3,
668 3818 715 3880 ¹9·

290 3947 345 4030 **)
376 3955 495 4025 Tenus,
516 3950 695 4033 praepositio
711 3973 782 4020 cum
797 3955 944 4034 ablativo,
962 3963 997 4016 ut
1012 3970 1133 4036 semper
1147 3947 1232 4033 ¹opud
1249 3953 1412 4018 Cicero-

373 4075 465 4134 ncm;
492 4057 576 4137 opud
592 4057 670 4118 alios
686 4058 844 4120 interdum
866 4081 937 4120 cum
953 4059 1091 4140 genitivo
1100 4105 1110 4137 ,
1130 4059 1213 4122 unde
1226 4057 1325 4122 illud
1343 4083 1416 4122 un-

374 4177 465 4236 men,
485 4165 570 4224 casui
588 4184 643 4224 sno
661 4163 860 4226 subiunctum
871 4209 880 4240 ,
902 4175 939 4226 ut
958 4174 1079 4240 caussa,
1101 4163 1213 4240 gratim
1234 4167 1416 4241 nonnulli

375 4259 533 4329 dixerunt.
550 4270 684 4330 Horatio
700 4271 756 4350 Ep.
777 4288 802 4346 1,
824 4289 850 4346 1,
867 4271 917 4331 32.
939 4251 990 4330 est
999 4265 1192 4329 adverbium.
1214 4267 1331 4329 casui
1349 4295 1421 4334 sno

374 4363 406 4425 h.
422 4367 442 4426 l.
459 4375 665 4450 postponitur,
686 4385 722 4436 nt
733 4374 859 4438 solitum
876 4386 941 4452 est,
960 4371 1022 4436 nisi
1037 4381 1197 4454 praeunte
1208 4369 1422 4454 adiectis-0,-

372 4472 417 4532 oi.
435 4473 521 4553 Virg.
537 4477 607 4537 AEu.
628 4499 654 4552 ι,
672 4483 740 4557 741.
