3046 5206
306 505 377 574 29⁰
659 491 747 544 sar.
765 491 844 564 ιιι,
871 474 929 542 85.
946 472 1004 542 86.

967 617 1391 636 *W

231 850 234 859 Ι
306 757 423 851 quis.“
474 751 566 840 „Hae
586 750 719 820 scilicet
736 711 847 841 nugae
869 758 971 836 sunt,
1002 771 1158 842 quarum
1178 748 1296 824 stadio
1313 749 1395 840 pal·-

262 875 266 897 '
306 891 426 962 lorem
456 887 523 957 sibi
548 883 768 955 contrahunt
792 881 1016 984 philosophi,
1054 905 1095 954 ac
1118 883 1241 953 inedia
1262 892 1395 954 tantum

308 1049 383 1096 non
405 1047 443 1092 se
465 1015 697 1090 conficiuntf‘
746 1015 900 1088 Pollere
925 1017 1059 1106 active,
1084 1029 1125 1088 ut
1148 1017 1245 1128 Hor,
1267 1017 1338 1090 od.
1365 1017 1397 1102 5,

310 1179 370 1250 27,
390 1157 446 1226 28.
474 1153 561 1223 Non
579 1150 772 1246 prandere
783 1152 829 1222 de
844 1150 1078 1246 philosopho,
1103 1163 1145 1223 ut
1165 1145 1259 1232 Hor,
1275 1153 1347 1223 Sat
1366 1171 1397 1234 2,

310 1294 345 1381 5,
363 1291 445 1378 257·
472 1290 516 1360 rle
536 1285 719 1378 magistro.
1099 1379 1101 1382 Ι

386 1419 444 1494 86.
494 1421 729 1492 Consuetudo
752 1393 988 1514 philosophos
1016 1423 1094 1496 trun
1115 1413 1224 1495 etiam
1243 1411 1400 1506 ridendi,

312 1581 394 1626 cum
424 1577 463 1624 se
492 1555 563 1646 ipsi
587 1577 660 1623 non
688 1553 861 1623 ridendos
883 1553 1077 1644 offerrent,
1122 1557 1206 1627 satis
1229 1567 1315 1627 nota
1338 1564 1401 1623 est.

312 1687 517 1780 Simplicius
531 1687 576 1756 ad
592 1686 709 1778 Epist.
727 1705 785 1756 aa.
810 1685 908 1758 hunc
931 1690 1047 1760 risum
1067 1657 1345 1777 commemoret,
1370 1697 1404 1756 et

314 1819 462 1898 consilia
476 1821 522 1892 de
540 1819 604 1890 illo
619 1823 785 1894 evitando
802 1822 973 1917 adiungit
1021 1829 1101 1920 lpse
1117 1815 1303 1918 Epictetus
1314 1821 1404 1915 phi-

314 1955 489 2050 losophiae
505 1958 704 2026 studiosum
719 1955 905 2045 hortatur,
929 1957 980 2027 ita
992 1983 1032 2030 se
1051 1979 1279 2054 comparare,
1304 1965 1406 2024 tam-

229 2071 235 2080 *
314 2115 423 2184 quam
438 2090 602 2160 futurum
613 2091 684 2177 sit,
709 2103 750 2160 ut
771 2091 849 2162 risu
872 2093 1091 2186 excipiatur,
1118 2104 1153 2165 et
1173 2091 1300 2184 ulgus
1319 2111 1406 2158 eum

243 2243 250 2252 ·
314 2225 443 2320 habeat
456 2222 627 2292 ludibrio.
654 2223 805 2293 Enchir.
823 2223 922 2320 eant)
947 2227 1025 2297 His
1040 2251 1170 2297 consor
1186 2224 1407 2310 Heidelber-

207 2377 225 2402 ι
314 2350 433 2445 gensis
456 2349 623 2442 intelligit
642 2351 737 2444 „hoc
758 2357 904 2441 modo,“
929 2357 1009 2443 „his
1033 2359 1229 2446 dicteriis,“
1251 2369 1410 2428 statuens

316 2483 575 2578 epiphonema,
608 2485 709 2556 cuius
725 2487 938 2578 exemplum
947 2511 994 2558 ex
1006 2489 1194 2580 Sophoclis
1208 2491 1357 2558 Electra
1375 2509 1410 2561 v

318 2621 401 2712 295.
414 2625 538 2696 mitt
523 2629 687 2701 ξιιιιβρζ
703 2621 817 2692 affert.
842 2623 1106 2711 BeneWeber:
1133 2597 1417 2710 „Deeinsmodi

319 2753 479 2824 dicteriis
494 2765 529 2822 et
544 2755 724 2844 conviciis,
750 2779 831 2847 quae
845 2755 1070 2848 philosophis
1081 2755 1185 2844 fiunt,
1209 2757 1355 2827 rident'
1344 2781 1414 2825 1n-

207 2888 211 2905 ¹
321 2887 406 2956 culti
422 2864 598 2976 Romani,
618 2901 695 2982 “quo
717 2889 863 2983 quidem
875 2889 953 2960 risu
968 2911 1007 2960 se
1021 2883 1119 2961 idem
1134 2881 1179 2962 tle
1189 2891 1415 2984 philosophis

320 3023 456 3092 sentire
475 3023 647 3110 indicant,
683 2989 899 3118 quamquam
913 3025 1004 3118 ipsi,
1028 3025 1117 3122 quid
1141 3028 1311 3116 sentiant,
1336 3049 1411 3095 non

321 3156 559 3250 eloquuntur,
605 3145 761 3250 Egregie
777 3159 900 3252 itaque
912 3161 1061 3232 Persius
1083 3160 1333 3236 centurionem
1347 3160 1412 3227 in-

320 3291 479 3359 troducit
491 3288 618 3382 populi
634 3313 819 3362 sensorum
835 3295 1083 3387 interpretem,
1109 3295 1206 3387 quod
1220 3294 1413 3366 hominum

320 3445 445 3516 genus,
471 3425 632 3515 quamvis
648 3425 750 3512 rurle,
772 3449 946 3520 arrogans
960 3439 996 3498 et
1012 3427 1282 3520 magniloquum
1298 3430 1415 3496 erat.“

326 3553 465 3648 Toroso
487 3553 655 3624 iacentes
677 3557 890 3630 Casaubono
905 3572 958 3631 est
978 3563 1171 3651 „iuventus
1186 3559 1323 3642 militiae
1339 3559 1416 3628 tle-

322 3693 414 3786 dita,
455 3701 492 3762 et
517 3686 662 3758 hircosa
685 3713 773 3784 gens
796 3697 1088 3782 centurionum,“
1117 3695 1163 3764 de
1194 3714 1266 3785 qna
1287 3715 1414 3784 supra.

322 3823 421 3898 Malo
438 3823 633 3917 intelligere
653 3805 873 3898 inventutem
893 3795 1094 3902 Romanam
1113 3829 1303 3918 universe,
1329 3851 1416 3921 quae

280 3979 284 3991 ·
323 3961 451 4029 studiis
479 3983 551 4032 non
583 3970 752 4032 enervata
778 3958 914 4033 dicitur
945 3975 1091 4054 torosa,
1128 3965 1219 4034 toris
1238 3961 1356 4036 mollis
1379 3973 1418 4032 ct

323 4085 531 4182 luxurians,
556 4091 784 4190 philosophis
804 4097 949 4190 pallidis
962 4079 999 4172 ct
1012 4089 1209 4195 impransis‘
1220 4097 1414 4172 contraria.

339 4399 434 4471 *W
424 4403 604 4476 sopiamus
621 4407 770 4482 ἐπιθυμειε,
792 4363 972 4486 recommota
989 4415 1116 4494 α’,ντοθεν
1136 4418 1176 4480 cis
1188 4421 1418 4495 καταγιλαιθησο-

392 4509 484 4561 μενος,
503 4491 537 4552 vis
554 4516 812 4574 mrapcsqomasrav
829 4522 859 4560 rs
873 4525 926 4564 rav
942 4508 1046 4570 πολλων
1064 4522 1127 4578 &c
