3046 5206
576 393 665 445 snt.
692 396 749 462 tu„
778 396 834 444 so.
854 399 909 444 at.
1143 397 1147 408 ·
1223 383 1294 469 527

202 519 1295 546 mm*
1401 523 1403 530 ι

286 671 343 720 so.
405 599 657 738 Dinomaches
690 673 756 746 ego
789 673 881 718 sum.
939 649 1064 724 Verba
1091 652 1297 766 Alcibiadis-¹

200 787 254 858 tta
288 795 324 854 et
350 784 390 852 in
414 776 596 855 Alcibiade
629 784 752 876 primo
783 783 917 864 dicitur
951 791 1026 850 ι’·ιοσ
1062 802 1294 892 Anconam,

202 919 301 1013 quod
331 917 486 992 maxime
521 913 689 1019 placeret.
723 919 792 990 sibi
833 919 871 992 in
904 933 1031 993 matre.
1058 919 1095 1008 o)
1163 919 1293 1016 Sufflc,

199 1051 378 1147 gloriare:
428 1053 478 1122 ita
505 1053 643 1146 regerit
667 1055 850 1142 Socrates,
894 1053 1191 1145 intumescentem
1225 1081 1292 1130 re*

196 1169 434 1278 prehendens]
493 1183 654 1280 Sufflqre
682 1187 760 1258 sine
793 1187 933 1262 obiecto
958 1204 1157 1284 usurpatur
1184 1193 1291 1266 Mar-

197 1321 269 1402 tiu.
286 1322 320 1409 5,
340 1345 396 1412 17,
414 1286 447 1392 4‘.
474 1321 540 1395 sed
557 1319 627 1414 elic
642 1344 759 1394 sensu.
812 1323 935 1416 Pergit
951 1323 1170 1396 Alcibiades:
1201 1325 1291 1400 Sum

196 1455 392 1556 candidus,
418 1456 611 1543 formosus,
636 1455 728 1528 Hor.
741 1457 808 1548 Ep.
831 1476 864 1544 a,
879 1477 916 1542 s,
929 1459 963 1526 4.
999 1455 1290 1544 Est0,4verbum
1408 1485 1411 1505 ·

195 1587 372 1674 Socratis,
397 1603 436 1659 ut
451 1591 487 1660 ln
503 1587 675 1684 Dialogot
701 1621 782 1658 raro
798 1621 865 1673 μεν
883 1598 924 1672 δη
944 1619 1050 1658 narra
1067 1599 1174 1674 δηὶον
1192 1597 1289 1660 idrus
1393 1633 1400 1644 ·

195 1731 251 1790 ὄτι
275 1731 312 1792 ὄν
336 1731 471 1803 orodes.
495 1723 566 1796 vid.
583 1747 614 1802 v.
636 1725 690 1802 15,

270 1945 329 2004 ut,
357 1947 414 1994 rt.
467 1923 698 2010 „Dummodo
713 1918 934 2015 constet'vel
952 1927 1039 1998 mihi
1055 1927 1287 2014 concesseris,

192 2059 370 2152 sapientia
390 2065 426 2128 te
443 2079 517 2126 non
535 2055 748 2127 inferiorem
764 2083 841 2130 esse
858 2081 966 2130 anum
978 2062 1109 2152 pannis
1123 2059 1284 2157 obsitam,

169 2271 176 2286 Ι
192 2217 275 2286 quae
290 2191 418 2262 herbas
434 2191 600 2261 odoratas
618 2189 792 2261 dissoluto
808 2193 1004 2284 (festinanti
1019 2197 1173 2288 ideoque
1190 2219 1283 2288 neg·-

100 2423 110 2430 .
188 2329 345 2422 ligenter
367 2309 524 2395 adcincta
550 2323 594 2408 ci.
622 2325 656 2411 5,
680 2324 755 2414 31.)
786 2349 893 2400 servo
926 2329 1096 2398 emendas
1123 2327 1283 2400 laudat.“

146 2473 155 2486 '
187 2459 295 2532 Dum
321 2483 385 2546 ne,
417 2459 447 2530 si
470 2461 578 2560 modo
602 2485 694 2547 non,
728 2470 769 2530 ut
791 2461 941 2532 Terent
965 2461 1077 2534 Andr.
1103 2469 1137 2550 5,
1159 2465 1194 2548 3,
1220 2463 1244 2531 5
1252 2485 1278 2530 ι.

185 2597 275 2668 cod.
291 2593 411 2666 Haun.
428 2593 619 2686 septimus:
645 2593 769 2678 „Dum
782 2597 890 2664 non.“
942 2593 1132 2673 Deterius‚
1150 2593 1293 2678 minus,¹

187 2737 229 2798 ut
248 2727 340 2796 Hor.
362 2725 432 2796 Sat.
461 2749 493 2812 1,
522 2749 579 2811 ιο,
599 2749 657 2816 90.
710 2725 869 2814 Quidam
893 2725 1013 2816 legunt
1037 2723 1280 2818 „pannucea,“

188 2870 379 2954 sequentes
402 2857 556 2927 Martini.
587 2881 644 2945 ιι,
667 2859 727 2949 47,
752 2857 787 2927 5.
822 2855 915 2926 Plin.
940 2856 989 2926 H.
1011 2857 1055 2928 N.
1085 2859 1140 2943 15,
1166 2857 1220 2928 14.
1244 2867 1281 2926 et

187 2991 348 3068 Macrob.
365 2992 433 3061 Sat.
453 3011 486 3078 a,
507 2991 559 3060 15.
583 2989 705 3061 ubido
722 3013 778 3076 eo,
804 2991 902 3084 quod
917 2987 1039 3060 laxum
1056 3001 1092 3059 et
1106 3013 1280 3084 rugosum

187 3139 252 3219 est,
268 3126 418 3216 dieitur3
441 3123 505 3194 sed
519 3133 642 3196 nostro
658 3121 739 3192 loeo
756 3123 858 3194 codd.
870 3121 992 3194 Haun.
1009 3145 1150 3194 omnes:
1170 3145 1278 3219 pan·
1311 3147 1315 3154 ·

185 3265 306 3335 nocio
358 3259 507 3350 „Scribe
524 3257 720 3364 pannucia
742 3267 783 3328 ut
809 3257 847 3327 in
865 3257 935 3329 L.“
967 3259 1225 3350 (vetustissimo
1243 3269 1279 3330 et

184 3399 325 3492 optimo
351 3395 473 3467 codice
496 3391 662 3489 Pithoei).
689 3393 742 3471 Ita
769 3389 829 3463 hic
852 3393 891 3464 in
912 3393 998 3466 Ver.
1021 3395 1102 3466 lect
1121 3395 1168 3468 ad
1187 3394 1224 3466 h.
1251 3397 1274 3464 Ι.
1330 3477 1337 3490 Ι

183 3535 375 3606 Petronius
398 3503 524 3601 itidem
545 3549 669 3602 rocem
701 3529 748 3600 de
776 3538 872 3602 veste
900 3529 1073 3602 adhibens
1102 3551 1275 3626 pannose,

181 3689 476 3710 ιι-ι--ιιι--ι--ι
566 3679 571 3686 “
995 3649 1062 3706 ·.l

203 3789 238 3870 *)
267 3789 311 3848 Ut
323 3787 451 3848 videtur
467 3787 507 3847 ob
522 3783 717 3848 nobilitatem
736 3787 873 3866 geuene
894 3787 1080 3862 eratenim,
1101 3793 1179 3846 teste
1197 3783 1274 3846 Plu·
1311 3831 1325 3840 .
1407 3837 1411 3844 .

263 3891 374 3952 tancho
395 3913 423 3952 c.
450 3911 473 3950 t.
497 3889 667 3969 „Mogeelis
698 3891 762 3952 lilia
790 3911 808 3950 e
828 3893 926 3971 stirpe
946 3890 1273 3967 Alcmeonidcrum;“

262 4017 331 4080 qum
343 4015 421 4074 ¹gons
433 3995 634 4057 nobiliscrat
651 3995 799 4072 Athenis,
821 3993 975 4073 originem
996 4017 1014 4056 a
1032 3993 1125 4058 Nclci
1137 3993 1272 4074 posteris

263 4097 399 4173 trahem,
421 4097 542 4159 scilicet
557 4101 596 4160 ab
605 4101 800 4174 Alcmeonc,
824 4098 898 4178 qni,
923 4119 993 4162 cum
1007 4121 1079 4162 cum
1094 4099 1270 4165 Heraclide
1334 4137 1341 4144 ·

262 4203 296 4264 in
314 4202 560 4281 Peloponnesum
578 4206 698 4266 reversi
713 4207 856 4266 Messene
880 4203 964 4264 avito
981 4227 1079 4286 regno
1096 4207 1269 4282 deciment,

262 4305 401 4369 Athenas
413 4307 589 4386 profectus,
610 4306 664 4370 isti
677 4309 829 4390 prosapia·
845 4329 958 4371 nomon
976 4311 1071 4376 dedit.
1091 4315 1222 4377 Pausan.
1239 4333 1268 4387 2,

266 4425 313 4490 18,
334 4431 360 4492 7.
385 4415 415 4488 lt,
432 4413 462 4487 3,
478 4414 506 4475 3.
567 4428 573 4448 ¹

1381 911 1388 944 l
