3052 5202
520 505 608 560 ssu.
636 467 706 571 11,¹
723 489 780 576 59.
795 487 852 554 to.
1166 510 1237 584 207

155 629 1239 662 „-...-.---·-------------.-.

121 823 125 831 .
231 770 290 861 39.
319 731 378 840 io.
429 760 501 836 Ast
523 785 590 860 ego
611 759 751 832 nutrici
773 779 848 830 non
871 761 1012 832 mando
1031 774 1128 873 uoto
1160 742 1245 838 Ex-¹

153 917 277 992 torna,
301 901 450 972 fortuita
469 910 506 971 et
528 895 647 970 aliene
664 915 810 988 semper
833 891 912 966 sere
936 905 1062 988 optant
1079 897 1242 972 hemint-

153 1039 226 1110 bus
241 1035 367 1125 sinici,
388 1036 513 1128 pueris
534 1031 703 1126 inprimis
712 1027 884 1128 ,nutrices
891 1077 904 1118 ,
927 1031 1058 1124 quibus
1076 1058 1123 1106 ne
1142 1024 1242 1108 lib'e—

153 1172 242 1244 ralis
265 1171 412 1268 quidem
433 1167 599 1272 educatio
622 1162 790 1255 contigit,
812 1163 997 1238 rarissimo
1017 1165 1239 1260 sapiendum,

153 1307 323 1398 sineque
342 1303 456 1398 magis
477 1301 542 1370 illa
555 1300 595 1368 in
613 1297 695 1368 loco
711 1297 1021 1387 exsecrationum,
1042 1324 1151 1393 quem
1167 1327 1241 1405 uo„-
1282 1281 1286 1288 ’

153 1453 280 1512 torum
306 1435 475 1510 habenda
503 1431 640 1522 suut.*)
703 1431 817 1503 Recte
845 1442 970 1505 mouet
998 1431 1243 1526 Casaubouus,

153 1575 324 1650 Persium
342 1571 378 1642 ln
401 1567 425 1640 l.
448 1567 625 1664 insignem
648 1563 754 1634 illurn
771 1565 960 1638 hominum
975 1591 1142 1663 errorem
1156 1581 1242 1642 tau-

153 1733 263 1808 gere,
308 1705 371 1800 qui
399 1715 526 1798 putent
551 1725 630 1774 rem
651 1721 730 1772 esse
754 1699 897 1772 facilem
917 1713 954 1772 et
971 1702 1085 1778 cuins
1105 1715 1241 1796 notam,

151 1844 250 1916 scire
265 1839 413 1936 qnid‘sit
427 1863 449 1908 a
462 1839 545 1910 Deo
562 1835 769 1930 petendum.
821 1833 993 1906 Conierri
1005 1835 1066 1908 hie
1079 1851 1241 1914 meretur

151 1975 355 2052 'Alcibiades
371 1971 574 2058 secundus,
597 1969 758 2063 dialogus
771 1967 822 2038 ita
833 1967 950 2040 dictus
961 1964 1177 2062 Platonicus,
1200 1974 1241 2046 in

21 2163 24 2172 .
154 2135 229 2204 quo
257 2112 424 2178 Socrates
454 2103 678 2176 Alcibiadem
700 2105 747 2176 de
766 2101 956 2174 hominum
982 2102 1021 2174 in
1049 2107 1241 2198 precandis

154 2243 239 2316 Diis
261 2237 506 2332 imprudentia
532 2247 671 2326 monet,
713 2261 785 2331 que
804 2237 1027 2330 ignorantes,
1066 2263 1147 2332 quse
1168 2241 1238 2316 sibi

154 2377 373 2462 conducant,
398 2372 554 2444 maxime
573 2393 644 2466 pro
665 2371 770 2443 bonis
791 2371 886 2444 mula
906 2381 1047 2466 rogent
1098 2372 1239 2449 Laudat

152 2513 253 2584 idem
268 2519 423 2604 poetam,
446 2507 509 2602 qui
519 2503 612 2622 'dum
626 2507 926 2596 amicosnideret,
950 2498 1031 2602 quae
1045 2509 1133 2602 ipsis
1146 2509 1238 2582 laiso

151 2646 257 2719 utilia
276 2645 508 2732 siderentur,
531 2641 676 2728 ¹stolide
702 2652 864 2727 orantes,
903 2663 973 2733 pro
995 2615 1161 2712 omnibus
1186 2645 1239 2714 sic

152 2789 320 2878 precsms
335 2785 405 2846 est:
445 2772 605 2868 „Iupiter
624 2797 709 2860 rex,
735 2758 872 2865 optime
892 2771 1040 2866 quidem
1060 2755 1242 2860 nobis,'ot
1335 2775 1342 2786 '

153 2911 367 2992 voventibus
394 2917 432 2980 et
451 2919 526 2980 uon
550 2904 783 2994 voventibus,
802 2905 959 2996 ,tribue3
1004 2901 1099 2974 mala
1121 2917 1241 2978 autem

153 3046 387 3147 poscentibus
402 3061 547 3137 quoque
562 3037 684 3112 abesse
697 3035 820 3112 iube.“
832 3041 884 3125 **)
908 3035 1048 3108 Laudat
1061 3038 1149 3114 item
1160 3042 1241 3118 La·
1257 3079 1261 3088 ·

152 3219 450 3247 μ

172 3355 211 3436 *)
243 3355 292 3418 Ita
311 3353 429 3416 Seneca
454 3350 494 3412 sd
509 3339 683 3413 Lucilium:
712 3346 925 3426 „Etiamnunc
951 3349 1054 3424 optas,
1083 3347 1166 3428 quod
1180 3343 1239 3410 tibi

239 3457 362 3542 optavit
378 3455 487 3520 nutrix
502 3467 556 3518 tus
562 3500 572 3532 ‚
594 3465 648 3516 aut
660 3453 843 3533 pedagogus
857 3461 911 3512 aut
926 3449 1048 3512 muter?
1088 3453 1238 3516 Nondum

134 3607 139 3621 ·
238 3562 407 3644 intelligis,
435 3573 584 3645 quantum
602 3559 677 3622 muli
699 3555 901 3640 optaverint?
943 3555 1088 3636 Oquam
1109 3551 1239 3620 inimice
1296 3639 1300 3662 1
1374 3609 1378 3622 ,

237 3673 328 3738 nobis
344 3681 418 3734 sunt
430 3681 504 3732 vota
517 3667 715 3732 nostrorum!
741 3686 779 3726 eo
803 3661 930 3746 quidem
951 3659 1149 3738 inimiciora,
1176 3683 1238 3742 quo

239 3797 360 3838 cessere
375 3775 507 3838 felicius.
540 3773 605 3834 Iam
624 3789 692 3847 uon
702 3769 852 3846 admiror,
873 3766 901 3826 si
916 3765 1021 3827 omnis
1034 3785 1122 3826 nosa
1137 3765 1239 3846 prims

239 3879 376 3960 pueritia
397 3881 478 3940 mala
495 3886 684 3957 sequnntur:
718 3875 801 3938 inter
825 3870 1053 3936 exsecrationes
1073 3881 1238 3948 parentum
1329 3850 1332 3868 ¹

241 3982 431 4046 crevimus.“
464 3979 562 4062 Epist.
587 3981 637 4056 60,
655 3999 681 4040 1.
703 3987 735 4039 et
759 3976 809 4056 32,
825 3984 854 4042 li.
890 3978 1107 4059 „Optaverunt
1130 3973 1238 4054 utique

241 4087 303 4150 tibi
326 4085 388 4145 slis
410 4095 554 4164 parentes
576 4083 644 4157 tui,
687 4083 744 4148 sed
769 4101 825 4162 ego
850 4083 911 4144 tibi
934 4091 1060 4158 contra,
1096 4079 1235 4144 onmium

241 4209 352 4254 eorum
365 4195 577 4268 contemptum
596 4198 679 4268 opto,
699 4205 832 4266 quorum
848 4186 895 4247 illi
908 4188 1036 4268 copiam.
1067 4185 1149 4248 Vota
1162 4183 1236 4246 illo-

240 4317 313 4363 rum
328 4296 442 4358 multos
459 4293 644 4376 compilant,
665 4301 701 4353 nt
712 4300 744 4352 te
759 4289 963 4374 locupletent,
984 4291 1137 4376 quidquid
1150 4291 1191 4354 sd
1204 4303 1238 4368 ts

241 4402 450 4480 transierunt,
484 4400 579 4464 elicui
595 4395 822 4463 detrahendum
836 4399 911 4459 sst.“

160 4543 213 4625 **)
243 4559 298 4613 Zeu
324 4550 448 4628 poento,
481 4571 515 4611 ss
539 4571 590 4624 μιν
613 4545 700 4611 totta
721 4565 768 4609 sss
784 4543 932 4624 lugemus·
949 4569 994 4610 sos
1011 4547 1142 4608 ttamen
1158 4551 1237 4617 Αμμι
