2868 5200
477 423 564 480 sec.
591 428 629 495 1,
654 408 818 480 als-51.¹
1025 412 1027 420 '
1124 367 1128 386 ¹
1160 415 1182 482 5

101 680 223 774 „Quid
241 679 436 768 didicisse,
470 681 543 754 nisi
558 683 626 754 lioc
633 684 866 775 fermentum
874 737 887 773 ,
923 696 958 754 et
975 709 1057 782 quae
1074 685 1186 755 semel

652 855 667 870 -
690 818 793 887 intus

101 951 234 1023 Inaala
250 963 326 1037 est,
351 964 462 1047 rupto
472 953 599 1044 jecore
614 941 744 1022 exierit
760 949 977 1048 caprificus.
971 949 1015 1004 ν’

102 1085 154 1156 En
166 1085 301 1180 pallor
318 1085 555 1182 seniumque!
595 1109 617 1154 o
633 1086 804 1155 neoresl·
798 1109 927 1190 usque
940 1087 1081 1155 adeone

100 1219 191 1290 Scire
208 1229 319 1290 mam
339 1220 438 1290 nihil
451 1231 508 1290 est
515 1271 528 1306 ,
555 1219 630 1288 nisi
646 1231 681 1288 te
695 1220 788 1288 scire
803 1219 871 1291 ltoc
883 1221 986 1290 sciat
992 1218 1117 1289 alter?

100 1349 168 1437 „At
174 1351 388 1448 pulchrum
397 1365 453 1422 est
466 1351 586 1448 dtgtto
595 1353 808 1438 monstrari
831 1365 869 1423 et
883 1353 1014 1424 dicier:
1039 1354 1097 1425 hic
1111 1365 1181 1424 est
1178 1351 1189 1400 t
1198 1408 1203 1424 .

105 1485 134 1556 Τ
131 1490 181 1556 ert
199 1487 432 1556 cirratorum
446 1495 595 1556 centum
611 1483 759 1554 dictata
765 1487 897 1578 fuisse

100 1621 169 1690 Pro
183 1615 310 1692 nilcilo'
318 1605 519 1714 pendae'u‘
543 1619 641 1691 Ecce
657 1619 757 1689 inter
767 1621 908 1716 pocula
922 1633 1097 1718 quarunt

101 1753 307 1824 Ronsulidoe
323 1753 465 1838 saturi,
490 1753 590 1849 quid
598 1754 665 1825 dia
675 1767 856 1848 poemata
871 1763 1037 1828 narrent.

99 1887 190 1958 Heio
198 1887 348 1984 aliquis,
361 1886 422 1956 cui
432 1888 571 1958 circum
582 1888 753 1958 humeros
760 1887 1007 1984 hyacinthina
1014 1887 1112 1962 lana
1122 1881 1188 1974 est,

99 2021 351 2092 Rancidulum
365 2021 546 2114 quiddam
562 2019 671 2091 batte
685 1986 732 2092 tle
747 2043 839 2092 aare
853 2023 1017 2109 loeutus,

8 2135 9 2144 ἵ
99 2138 306 2253 Phyllidas
314 2206 327 2240 ,
351 2150 592 2250 Hypsipylae
597 2209 621 2262 ,³
637 2169 764 2226 vatum
778 2168 815 2226 et
824 2153 1013 2252 plorabile
1028 2147 1063 2226 a·
1075 2155 1190 2260 quid,

101 2289 281 2384 Eliquat,
306 2300 343 2356 et
358 2301 483 2360 tenero
500 2293 723 2387 supplantat
738 2287 850 2384 verba
857 2291 1006 2386 palato.

101 2421 300 2491 Assensere
314 2423 394 2494 oiri.
411 2461 461 2478 -
477 2426 585 2496 Num
603 2450 676 2498 oon
690 2425 784 2496 cinis
796 2423 859 2496 ille
867 2437 994 2520 poeta
1046 2497 1050 2504 ,

101 2553 238 2628 Felix?
278 2581 350 2627 non
370 2557 486 2628 levior
502 2561 635 2658 cippus
652 2585 749 2632 nuuc
770 2558 951 2656 imprimit
966 2554 1079 2628 ossa?
1092 2591 1143 2612 --

7 2689 9 2764 ἰ
101 2689 283 2762 Laudant
293 2695 464 2764 conviva.
481 2731 531 2746 —
549 2693 657 2766 Nunc
673 2716 747 2766 non
762 2721 782 2766 e
796 2691 967 2768 manibus
985 2693 1060 2762 illis
1069 2743 1081 2778 ,
1109 2787 1113 2794 Ι

104 2822 210 2916 Nunc
228 2849 300 2896 non
314 2851 335 2898 e
351 2827 493 2898 tumulo
502 2822 788 2924 fortunataque
791 2829 939 2920 fauilla
1179 2793 1184 2805 .

104 2960 315 3032 Nasceatur
329 2959 467 3032 eiolae?
481 2999 533 3014 —
550 2962 695 3047 „Rides
703 2966 742 3048 ,“
767 2964 836 3048 ait,
862 2967 924 3048 „et
940 2957 1172 3046 nimisnuncis'

104 3055 270 3168 Naribcis
287 3093 468 3192 indulges.
521 3091 584 3164 An
600 3095 693 3178 erit,
718 3095 782 3190 qui
798 3093 891 3162 velle
910 3102 1051 3159 recuset

104 3229 154 3297 Os'
162 3227 303 3324 populi
319 3225 515 3312 meruisse,
541 3237 578 3297 et
595 3227 704 3293 cedro
719 3227 835 3325 digua
847 3224 1009 3310 locutus,

103 3360 297 3456 Linquere
312 3383 378 3428 nec
390 3354 574 3428 scombros
586 3336 788 3431 metuentia
803 3359 971 3434 carmina
982 3384 1048 3430 nec
1060 3355 1171 3430 tus?“

87 3573 90 3582 ,
105 3495 280 3592 Quisquis
295 3515 351 3582 es,
378 3493 521 3564 orrcode
536 3517 645 3590 quem
660 3521 706 3564 ex
721 3499 878 3566 adverso
892 3494 1013 3564 dicere
1019 3496 1103 3586 feci
1110 3547 1122 3579 ,
1197 3537 1202 3558 .

109 3629 187 3700 Non
206 3601 301 3724 egoJ
321 3653 403 3699 cum
419 3625 557 3715 scribo,
585 3627 618 3697 si
626 3629 736 3720 sorte
752 3631 846 3725 quid
861 3632 990 3726 aptius
1008 3629 1085 3698 exit
1103 3663 1154 3678 -

108 3761 266 3848 Quaado
276 3765 355 3835 lcoec
368 3785 459 3832 rara
472 3745 714 3834 avise'stv-si
727 3765 820 3860 quid
830 3777 956 3835 tamen
968 3761 1096 3854 aptius
1109 3757 1198 3844 exit,
1311 3826 1314 3840 ,
1424 3817 1425 3828 ,

109 3895 280 3969 Laudari
296 3909 479 3970 metuam:
504 3919 621 3992 aeque
637 3897 736 3968 enim
753 3898 846 3970 milti
860 3889 1108 3983 corneafibra
1124 3903 1200 3962 est:

112 4031 179 4102 Sed
195 4019 486 4128 rectcfinemque
499 4041 772 4126 extremumque
788 4051 867 4099 esse
882 4047 1010 4097 recuso
1028 4017 1034 4024 “
1112 4117 1116 4122 Ι

112 4151 219 4262 Euge
232 4177 335 4236 tuum
351 4177 389 4234 et
404 4163 522 4234 Belle.
578 4163 620 4231 Ν
615 4185 678 4233 am
693 4161 801 4233 Belle
817 4161 884 4232 hoe
897 4173 1024 4232 excute
1042 4173 1179 4232 toturn:

114 4297 209 4386 Quid
221 4323 295 4372 aon
313 4301 413 4370 intus
425 4291 568 4369 habet?
619 4297 704 4367 Non
722 4295 802 4368 lceic
819 4309 873 4368 est
889 4297 982 4370 Ilias
997 4294 1089 4372 Acci

116 4431 228 4508 Ebria
242 4429 420 4508 veratro?
459 4457 530 4504 non
548 4429 581 4502 si
596 4457 670 4528 qua
685 4433 845 4538 elegidia
863 4435 968 4507 crudi
1062 4429 1072 4436 ’
