2984 5204
528 503 853 586 satanam.
923 475 932 490 '
1176 505 1250 576 403

162 628 326 668 -μ
701 649 863 670 -.-...
952 621 960 646 .

161 782 267 862 dian
279 779 462 849 assiduum
478 778 666 874 significat,
690 788 731 852 ut
750 801 780 868 r,
801 758 881 850 124.
910 779 944 866 5,
961 779 1018 848 85.
1045 777 1182 850 Verum
1199 747 1249 852 il-

162 915 223 986 lud
246 923 488 1010 praeceptum,
540 913 638 1006 quod
666 899 799 982 mente
817 936 891 982 non
915 921 1013 990 recte
1033 911 1088 982 uti
1110 910 1251 1004 possint

162 1049 274 1122 inulto
289 1047 369 1118 cibo
385 1045 565 1136 completi,
579 1023 720 1118 veteres
734 1045 957 1120 meditationi
973 1055 1137 1121 vacantes
1151 1047 1253 1118 haud

162 1203 248 1255 raro
264 1201 377 1274 usque
393 1179 484 1250 adeo
498 1178 751 1273 sequebantur,
768 1191 809 1250 ut
820 1178 877 1254 vel
890 1181 1040 1254 minimo
1057 1179 1138 1254 cibo
1154 1205 1249 1252 con-

161 1307 250 1388 tenti
263 1323 342 1386 dese
354 1323 589 1402 macerarent,
614 1312 709 1384 undo
725 1313 932 1408 philosophi
945 1323 1145 1395 atteratur
1157 1314 1251 1386 Ari·

163 1447 347 1544 stophanis
369 1461 405 1522 et
426 1449 654 1540 „impransus
675 1449 869 1540 magister“
883 1447 1040 1546 Horatii.
1090 1447 1147 1519 Eo
1168 1457 1250 1516 onte

162 1585 327 1656 iuvenem
343 1583 544 1653 omiserunt
557 1583 704 1655 Pussow
719 1593 754 1654 et
771 1579 953 1674 Orellius3
986 1581 1248 1654 recentissimus

162 1719 380 1790 itemeditor
393 1713 553 1804 Weber,
577 1717 640 1809 qui
662 1715 739 1787 haec
754 1714 949 1790 adnotavit:
981 1727 1047 1806 „ut
1066 1717 1251 1809 inoppor-

163 1863 289 1923 tunum
310 1856 345 1924 et
369 1847 495 1922 inutile
518 1849 624 1920 eiecit
651 1849 880 1950 Achaintriuo
910 1850 1122 1948 auctoritate
1143 1849 1250 1920 codd.

161 2009 332 2078 snorum3
358 1985 457 2054 abeat
469 2005 614 2076 quoque
628 1985 667 2055 in
676 1986 780 2058 codd.
788 1984 942 2056 Wimar.
953 1981 1249 2058 etChemnioensi

162 2129 268 2212 atque
284 2119 323 2188 in
335 2117 502 2210 plurimis
519 2119 672 2210 antiquie
688 2119 938 2192 editionibus.“
978 2117 1127 2208 cultor,
1146 2139 1249 2216 pur-

157 2264 284 2350 gatur,
310 2253 441 2324 inseris
455 2251 574 2346 fruge
587 2251 758 2324 translato
773 2253 816 2322 ab
833 2277 920 2346 agro
936 2253 1101 2338 colendo,
1125 2250 1250 2322 varia-

160 2387 204 2456 tis
220 2411 288 2480 per
307 2386 523 2482 hypallagen
537 2386 786 2456 locutionibus.
829 2368 1009 2480 „Purgato
1024 2385 1147 2456 auria“
1160 2383 1251 2462 Hoq

161 2522 262 2610 rutil,
286 2545 396 2615 quam
415 2519 488 2592 huc
508 2521 670 2608 trahunt,
695 2519 806 2590 alium
828 2543 991 2610 sensum,
1018 2531 1128 2612 utque
1142 2517 1249 2590 vide-

160 2665 239 2740 tur,
260 2655 588 2726 ioculare'mlrabet.
640 2655 919 2746 Respiciendum
940 2653 1060 2746 potius
1075 2651 1120 2720 ad
1135 2649 1250 2720 Plau-

161 2798 258 2873 tum,
283 2787 359 2857 Mil.
387 2789 478 2876 glor.
505 2788 696 2874 5,1‚179.
722 2787 981 2877 „Perpurgatis
998 2783 1103 2853 ambo
1125 2783 1252 2852 damus

162 2917 226 2990 tibi
242 2941 391 3010 operam
406 2917 554 2988 auribus
559 2919 595 3005 ,“
623 2915 845 2985 attentissimi
861 2927 896 2986 te
911 2917 1094 3004 andimus;
1126 2915 1183 2988 vel
1204 2915 1252 2984 ad

164 3055 330 3144 Propert.
346 3073 381 3140 a,
398 3051 454 3136 15,
475 3069 529 3119 ro.
552 3047 614 3119 ubi
626 3059 757 3135 „aures
771 3051 899 3142 purae“
913 3049 1066 3121 lectores
1081 3049 1253 3120 denotent

164 3189 262 3258 nullu
277 3193 547 3278 praeoccupatos
561 3181 745 3274 opinione.
795 3181 921 3278 Fruge
944 3179 1147 3285 Cleanthen
1169 3183 1192 3252 i.
1218 3207 1249 3250 e.

164 3321 292 3391 Stoica.
343 3315 548 3406 Cleanthes,
573 3315 712 3385 Stoicus
728 3311 974 3408 philosophus,
999 3317 1167 3404 Zenonis,
1192 3317 1253 3386 cni

164 3455 344 3544 successit,
370 3451 523 3523 auditor.
575 3447 791 3522 Notissimue
807 3461 860 3522 eet
872 3449 1028 3544 ltymnus
1045 3455 1123 3523 rius
1140 3475 1253 3546 egre-

164 3592 244 3686 gius
250 3645 263 3682 ,
289 3591 361 3666 vid.
378 3583 505 3659 Brunlr
520 3585 620 3656 Poet.
638 3583 769 3656 Gnom.
785 3606 821 3678 p.
842 3585 921 3656 141.
939 3597 976 3656 ot
991 3588 1087 3678 apud
1101 3585 1255 3677 Epicte-

166 3736 240 3794 tum
255 3723 403 3796 Enohir.
421 3727 482 3796 52.
499 3726 637 3790 exstant
652 3715 780 3807 iambi,
804 3721 933 3812 quibus
952 3719 1075 3792 Iovem
1090 3719 1140 3787 ita
1160 3715 1256 3786 allo-

166 3857 307 3948 qullur:
332 3861 522 3937 transit,
552 3883 574 3916 ω
593 3864 673 3932 Zao,
700 3849 1128 3936 aaronr'q‘Hrrrouparn·
1166 3836 1256 3916 (sual

165 3981 239 4040 ποθ’
264 3981 346 4053 ἑμιν
371 3979 754 4054 εἰμιδιαεετιιγμινοσ,
781 3977 1184 4055 ll'ra‘uopny'ciouuor,
1213 3979 1254 4052 riv
1304 4013 1309 4040 ι

165 4085 204 4144 alo
230 4107 277 4158 μη
309 4083 414 4153 oeta,
451 4089 568 4142 Keroe
598 4101 792 4158 γινομινοε
824 4079 906 4140 u’tlov
935 4081 1039 4152 ἦττον
1071 4083 1255 4156 ἑγομαιῆ

186 4326 217 4416 Ι’)
252 4323 371 4394 senec·
384 4327 483 4409 Epist.
497 4347 565 4408 ro7,
581 4347 626 4390 rr.
643 4325 700 4388 bor
713 4327 834 4390 iamboa
848 4323 893 4390 ita
906 4325 1079 4391 nemum:
1094 4327 1190 4405 „Due
1204 4345 1255 4388 me

250 4455 378 4518 parona,
414 4433 551 4514 celsique
580 4432 758 4496 dominator
784 4433 866 4515 poli,
900 4433 1105 4514 Quocumque
1129 4429 1254 4513 placuit.

251 4541 347 4605 Nulla
368 4539 500 4622 parendi
522 4559 611 4604 mora
631 4547 686 4600 eat
736 4537 1024 4686 Adm'impiglra
1046 4539 1135 4657 ⁸Fae
1154 4533 1258 4598 nolle:
