2984 5204
535 423 623 476 sss.
643 423 706 504 tp,
733 405 863 498 85-87.
1159 411 1229 506 417

145 687 256 758 husus
275 683 482 778 impositum
492 703 565 780 per
579 681 734 754 medinm
750 681 878 752 urbem
886 683 1106 775 proferrent,
1130 689 1231 779 qussi
1285 671 1289 678 ¹
1328 745 1331 756 .

145 830 270 892 morte
278 817 423 912 tyranni
439 817 602 891 restituta
615 801 787 888 hte'rtate.
826 813 979 908 Appian.
995 815 1082 890 Bell.
1101 819 1178 894 civ.
1199 843 1231 893 ι.

146 954 236 1026 cod.
250 951 371 1024 Hnun.
386 951 531 1022 tertius:
556 951 719 1040 „stitione
733 949 852 1023 hinc.“
883 946 1042 1022 Acetum
1048 975 1127 1048 pro
1141 977 1233 1026 acu·-

146 1089 256 1178 snine,
275 1099 315 1158 nt
330 1107 455 1159 niuem
478 1107 549 1180 pro
567 1083 714 1172 iudicio,
736 1083 827 1156 dixit
839 1082 990 1173 Noster,
1015 1096 1052 1157 et
1065 1085 1233 1160 Plautus:
1281 1083 1307 1177 J

146 1221 312 1316 „Ecquid
326 1221 433 1292 habet
445 1217 478 1292 is
493 1217 605 1290 homo
621 1219 712 1290 aceti
727 1218 766 1288 in
781 1213 983 1310 peetcrs?“
996 1220 1126 1294 Pseud
1145 1245 1180 1312 s,
1196 1225 1238 1318 4,
1329 1310 1333 1321 ‚

148 1357 208 1451 49.
222 1365 277 1426 et:
301 1351 432 1458 „Nunc
453 1352 645 1446 experior,
669 1351 761 1424 sitne
781 1361 919 1424 acetum
931 1351 998 1424 tibi
1013 1375 1078 1424 cor
1095 1377 1178 1427 scre
1193 1359 1235 1428 in

145 1489 330 1588 pectore.“
352 1484 481 1561 Bacch.
500 1485 535 1576 5,
552 1485 586 1594 5,
605 1509 636 1556 ι.
685 1487 775 1558 Item
796 1483 990 1556 Horatius:
1015 1487 1126 1578 „tuto
1142 1503 1236 1586 per·-¹

146 1621 247 1695 lusus
263 1621 399 1695 nceto.“
430 1617 502 1690 Set
522 1639 554 1708 1,
569 1640 604 1712 7,
620 1615 679 1691 52.
737 1615 1019 1694 Attentissimum
1044 1631 1143 1694 notat
1163 1648 1234 1696 au-

146 1759 321 1846 ditorem,
346 1765 386 1827 ut
392 1763 574 1852 purgatae
596 1773 707 1824 aures
731 1775 764 1826 v.
781 1751 841 1824 65.
868 1778 951 1826 cum
967 1753 1092 1827 sordes
1107 1757 1146 1830 in
1163 1783 1232 1829 nu-

146 1889 248 1964 ribus
269 1885 430 1964 c'ollcctoe
457 1885 621 1958 nuditum
651 1881 837 1978 hebetant,
886 1911 1046 1960 excussoe
1075 1889 1250 1969 reddunt

146 2025 335 2097 acriorem.
385 2019 477 2110 Has,
502 2021 533 2091 si
550 2017 652 2094 ‹lurae
668 2021 748 2112 sint,
777 2015 903 2094 Celsus
919 2033 1025 2094 aceto
1040 2013 1234 2098 emollieu-¹
1357 2099 1366 2112 ,

147 2137 211 2228 tias
226 2151 355 2246 docet,
371 2155 422 2228 de
434 2149 566 2228 Medic.
583 2157 616 2245 6,
635 2180 668 2249 7.
705 2149 804 2226 Hinc
821 2153 961 2230 Stoicus
976 2179 1105 2229 aurem
1128 2169 1255 2232 mor-⁴
1299 2260 1302 2270 Ι

146 2269 234 2364 daci
257 2291 356 2364 lotus
379 2299 485 2364 aceto
503 2283 646 2380 dicitur,
669 2289 770 2384 quod
784 2287 860 2360 cius
878 2289 988 2378 nuris,
1004 2289 1042 2362 in
1058 2295 1233 2388 quaestio*

145 2425 251 2498 nibus
269 2417 461 2500 dialecticis
477 2419 653 2515 exercita,
686 2446 760 2498 uou
783 2419 921 2498 fallitur
937 2427 1106 2522 captiosis
1127 2453 1235 2525 quae7

144 2557 330 2636 stionibus.

117 2713 123 2720 ·
208 2697 267 2782 87.
319 2693 479 2767 Versum
492 2691 543 2768 ita
554 2691 898 2790 legitCnssubonus:
925 2691 1235 2788 „Hee(rcliquunt

144 2823 297 2920 accipio)
311 2823 396 2896 licet
411 2825 504 2896 illud
518 2835 555 2896 et
567 2837 607 2896 ut
626 2825 707 2897 volo
732 2823 856 2896 tolle.“
904 2825 1034 2912 „lloc“
1057 2829 1168 2920 igitur
1186 2833 1235 2904 ud
1375 2801 1381 2820 Ι

145 2959 274 3050 „licet“
290 2955 533 3030 referendum.
583 2953 676 3049 Quis
690 2979 780 3030 vero
797 2957 945 3030 dixerit:
971 2957 1040 3030 hcc
1054 2959 1146 3032 illud
1158 2961 1234 3054 „li-
1323 2986 1329 3012 t

146 3085 263 3165 cetl“
312 3089 384 3162 Alii
398 3092 475 3162 sine
495 3088 705 3186 parenthesi
724 3089 866 3185 legunt:
902 3091 1011 3181 „Hoc
1030 3095 1235 3189 reliquum“
1363 3077 1369 3085 ¹

145 3227 223 3302 vel:
260 3219 379 3316 „Haec
399 3221 543 3320 reliqna
563 3243 635 3296 ecc.
660 3217 754 3295 &c.“
813 3223 911 3301 ‘rum
936 3251 1024 3302 vcro
1046 3227 1233 3323 quaeritur,

145 3359 234 3458 quid
250 3357 433 3456 reliquum
449 3359 513 3451 sit,
547 3358 646 3456 quod
660 3357 848 3454 accipitur.
897 3360 1131 3436 Praelercndn
1147 3367 1234 3460 qui-

144 3499 229 3572 dem
249 3491 489 3590 parenthesis,
529 3505 566 3568 et
586 3513 656 3590 pro
679 3481 924 3589 „reliquuni“
945 3520 1027 3566 cum
1050 3497 1234 3594 plerisque

144 3633 247 3702 codd.
272 3631 464 3725 legendum
487 3627 708 3724 ‚,reliqnn;“
731 3639 810 3704 tum
831 3647 921 3704 tero
936 3651 1091 3724 sequens
1113 3633 1235 3722 „illud

146 3765 214 3833 et“
239 3766 523 3852 extrudendum,
548 3773 584 3834 et
595 3764 898 3836 substituendum:
925 3764 1114 3854 „viverc“:
1147 3763 1235 3838 Hoc

144 3895 306 3998 (reliquit
331 3893 487 3992 accipio)
512 3896 621 3986 „licet
647 3911 691 3970 ut
713 3897 795 3974 volo
820 3899 967 3972 vivere“
992 3899 1090 3968 toll.
1156 3900 1234 3973 Po-

144 4029 275 4102 sterius
287 4029 554 4101 hemistichium
570 4033 620 4104 its
634 4032 760 4126 legunt
782 4029 884 4104 codd.
898 4031 1024 4102 Haun.
1043 4054 1075 4103 n.
1095 4037 1128 4104 3.
1144 4039 1177 4106 5.
1199 4037 1234 4106 6.

144 4173 220 4234 tres
235 4163 332 4256 apud
347 4160 613 4257 Achnintrium,
647 4168 757 4240 editio
781 4169 868 4238 item
888 4164 1053 4238 cantabr.
1073 4177 1107 4238 et
1121 4165 1233 4240 Mur-

144 4271 311 4386 melliuS,
341 4295 520 4388 Bondlus,
551 4301 772 4388 Pussowius,
808 4297 980 4374 Orellius.
1057 4301 1232 4400 Reliqua,

144 4432 320 4506 maiorem
333 4427 531 4528 syllogismi
547 4437 851 4532 propositionem!
875 4435 1032 4508 libernm
1048 4462 1137 4528 esse,
1168 4437 1230 4529 qui

988 4557 1026 4616 27
