3046 5206
585 345 934 438 aar.1v.,46-49.
992 337 996 348 ’
1223 353 1298 426 545

163 635 165 642 “
280 626 340 694 46.
391 570 704 719 Egregtam'eam
727 645 786 696 me
807 623 945 696 vicinia
968 625 1089 714 dicat,
1115 653 1187 700 uon
1210 637 1295 706 era-³

202 754 322 834 dam?
371 755 496 828 Verba
509 768 590 856 suut
603 757 761 850 iuvenis,
781 769 832 830 ut
852 758 1110 852 cuiuscumque
1126 759 1293 855 hominis,

204 890 483 966 assentatoribus
513 903 550 962 et
576 891 759 984 philautiae
781 913 888 966 aures
910 891 1167 986 patefacientis.
1199 901 1292 986 ‘„ln

203 1053 249 1102 ao
262 1026 340 1132 salli
354 1023 456 1097 facile
470 1035 541 1117 est;
566 1025 655 1098 tales
672 1027 766 1099 enim
782 1050 846 1100 nos
861 1049 937 1097 esse
952 1037 1131 1138 putamus,
1154 1041 1193 1104 ut
1208 1033 1290 1104 iure

201 1163 426 1234 laudemur.“
452 1159 526 1236 Cic.
542 1159 612 1231 Off.
634 1184 664 1246 1,
682 1161 739 1231 ab.
757 1165 791 1244 *)
841 1159 1080 1252 Alcibiadem,
1106 1165 1206 1236 cuius
1221 1159 1288 1238 sub
1356 1241 1367 1268 Ι

201 1299 345 1374 nomine
359 1295 569 1367 insolentem
583 1294 746 1370 iuvenem
762 1294 908 1364 Persius
922 1295 1104 1388 increpat,
1127 1289 1287 1370 assenei-
1357 1374 1359 1385 ,

200 1435 340 1506 toribus
354 1453 429 1503 non
446 1429 621 1514 caruisse,
640 1429 712 1496 iam
728 1427 929 1499 dictumest
945 1429 989 1499 ad
1006 1453 1037 1501 u.
1059 1453 1087 1499 1.
1109 1450 1140 1500 a.

272 1633 335 1724 lp.
367 1587 482 1701 'Viso
506 1627 540 1698 si
557 1629 684 1723 palles
703 1599 937 1700 nummata
949 1629 1140 1700 Horatius:
1164 1625 1284 1717 „Am-

198 1764 334 1840 bitione
349 1765 443 1836 mala
459 1773 521 1832 aut
535 1763 674 1856 argenti
688 1761 797 1855 pallet
813 1765 974 1836 atnore.“
997 1765 1067 1836 Sat.
1085 1759 1173 1852 a,'5,'
1184 1768 1242 1857 78.

272 1967 330 2036 48.
381 1960 567 2040 Auroram
589 1962 633 2032 ab
655 1962 785 2035 affeetu
808 1963 949 2049 dicunt,
982 1963 1066 2055 quia
1087 1961 1281 2036 multarum

195 2097 477 2171 amaritudinum
499 2118 622 2166 caussa
651 2105 705 2166 est
727 2093 849 2170 libido.
910 2095 1043 2169 Verius
1066 2095 1280 2173 Turnebus:

112 2209 117 2222 ¹
194 2235 239 2304 ab
254 2232 409 2326 impulsu
425 2229 613 2320 voluptatis
628 2231 795 2316 molesto,
822 2227 950 2299 dolore
971 2229 1122 2318 scilieet,
1148 2232 1211 2322 qui
1228 2231 1278 2302 li·
1398 2227 1402 2236 ’

193 2367 375 2440 bidinosos
391 2364 475 2451 urit,
498 2332 566 2432 nec
582 2361 766 2455 quiescere
782 2363 876 2436 sinit.
902 2361 1051 2438 advers.
1066 2363 1121 2452 15,
1131 2363 1162 2434 5.
1174 2365 1232 2452 50,
1242 2365 1274 2434 8.
1359 2423 1363 2436 ,

262 2565 322 2658 49.
371 2564 429 2636 De
440 2561 592 2658 puteali
604 2561 750 2654 Koenig
769 2561 814 2632 ad
829 2562 862 2630 h.
877 2563 902 2636 1.
918 2560 1042 2631 fusius.
1079 2561 1177 2648 Duo,
1193 2583 1274 2652 quae

149 2730 150 2738 ¹
189 2699 293 2798 pobis
310 2697 454 2788 quidem
470 2707 556 2765 uota
569 2705 668 2780 sunt,
693 2695 821 2766 Romae
842 2693 951 2762 fuisse
965 2692 1138 2785 putealia,
1162 2715 1274 2764 tutum

118 2879 123 2893 .
188 2832 293 2907 Navii
305 2830 343 2898 in
358 2827 525 2915 Comitio,
537 2827 611 2896 Cic.
628 2825 750 2902 Divin.
769 2849 801 2912 a,
824 2847 878 2918 ¹7·
897 2825 976 2899 Liv.
998 2849 1029 2912 r,
1045 2823 1101 2894 56.
1120 2821 1273 2895 alterum

206 3135 236 3216 t)
269 3133 353 3195 Hinc
370 3133 504 3192 Seneca:
532 3127 579 3204 „a
595 3128 705 3204 turba,
726 3139 874 3210 quantum
892 3115 994 3212 potes,
1017 3141 1049 3194 ta
1072 3149 1193 3209 separa,
1214 3151 1271 3189 nce

271 3234 484 3298 adulatoribus
503 3233 582 3296 latus
604 3232 759 3314 prebeas:
794 3235 928 3300 artifices
948 3247 1020 3298 sunt
1041 3237 1080 3299 ad
1104 3233 1270 3316 captandos

269 3339 457 3425 superiores.
506 3337 569 3402 Par
593 3337 672 3414 illis,
700 3337 794 3430 etiam
817 3341 844 3400 si
860 3342 938 3402 bene
955 3343 1091 3420 caveris,
1117 3361 1181 3402 non
1196 3337 1271 3400 eris.

267 3491 275 3508 .
293 3493 300 3508 .
321 3447 447 3507 Habent
462 3443 520 3506 boc
538 3443 572 3504 in
591 3463 624 3505 se
639 3446 781 3510 normae
798 3445 976 3508 blanditie:
995 3447 1088 3508 etiem
1102 3469 1171 3512 cum
1187 3444 1268 3506 reii-

247 3527 571 3630 'eiuntursplacenm
598 3551 844 3630 superadum,
872 3550 1040 3614 rtovissimc
1064 3551 1268 3630 recipiuntur.

264 3657 378 3718 Natur·
402 3655 515 3733 Qttoest.
538 3660 569 3718 lt.
593 3655 679 3733 praef.
720 3655 808 3718 Idem
834 3654 1027 3718 dulcedinem
1046 3649 1267 3716 blanditiarum

209 3735 218 3744 ⁸
263 3759 308 3818 ita
330 3758 494 3820 describit:
533 3757 826 3838 „Quemadmodum
849 3758 902 3836 qui
927 3757 1095 3818 arrdieruut
1117 3745 1266 3834 syurpbb-

263 3861 365 3938 niam,
391 3863 499 3924 lerunt
520 3883 625 3928 seetrm
650 3861 832 3928 inauribus
856 3860 1101 3924 modulationem
1124 3860 1206 3918 illam
1230 3880 1266 3918 ao

264 3965 460 4028 dulcedinem
476 3977 599 4039 cautos,
622 3987 689 4046 qua
705 3967 907 4046 cogitationes
921 3963 1069 4044 impedit,
1088 3983 1145 4030 uec
1161 3961 1200 4022 ad
1214 3983 1266 4023 sa-

264 4067 314 4130 ria
331 4069 449 4148 patitur
470 4071 610 4146 intendi,
639 4069 683 4130 sic
706 4069 902 4132 adulatorum
917 4082 949 4134 et
963 4089 1058 4152 prava
1073 4069 1265 4131 laudantium

239 4221 247 4239 .
263 4193 366 4236 sermo
383 4173 499 4236 diutius
515 4173 626 4252 beret,
648 4193 738 4253 quam
757 4174 891 4263 auditur,
909 4199 967 4238 uae
982 4177 1071 4238 facile
1089 4187 1142 4252 est,
1160 4177 1264 4237 animo

261 4279 384 4340 dulcem
398 4299 507 4341 sonum
522 4289 687 4352 excutere:
707 4279 908 4362 prosequitur
919 4293 951 4346 rt
968 4282 1072 4362 durat,
1100 4252 1130 4346 ol
1152 4305 1193 4348 ex
1210 4283 1261 4352 in·
1329 4318 1341 4358 ·.

261 4381 392 4447 travalle
409 4383 574 4448 rrotut·it.“
595 4385 653 4468 Ep.
673 4387 740 4462 123,
758 4397 787 4454 8.
