2932 5206
1 3745 2 3748 ,
110 3709 118 3746 i

534 470 539 484 ἱ
590 409 680 461 sar.
708 413 755 480 n,
784 397 862 464 155.
924 365 931 384 ⁸
1022 419 1025 428 ’
1201 411 1272 512 128

188 489 393 563 ——nL—q-

182 691 268 738 rum
284 625 471 754 osoribus,
496 667 530 740 h.
546 665 570 737 l.
584 668 729 756 notatis,
754 667 872 740 cultus
885 641 1118 768 Oynicbrum,
1143 685 1187 756 ab
1200 710 1269 758 usu

183 804 370 874 communi
398 801 589 893 recedens,
627 815 728 874 tanto
755 805 869 897 magis
899 807 1100 902 displicuit,
1138 830 1270 908 quanto

181 938 364 1009 minorem
381 959 508 1008 eorum
526 935 718 1010 hominum
732 938 843 1010 fastus
860 948 895 1013 et
909 915 1054 1017 morum
1071 947 1272 1024 obscenitas
1369 921 1374 932 ¹

179 1071 329 1146 baberet
357 1073 661 1182 excusationem
703 1074 985 1168 Exeipiebantur
1011 1105 1099 1180 ergo
1125 1063 1272 1180 publica

180 1205 371 1284 obviorum
399 1203 573 1280 etruria
596 1209 786 1299 irrisione,
828 1235 937 1304 quam
962 1225 1081 1290 tamen
1107 1222 1267 1313 Persius,
1354 1199 1359 1211 .

178 1350 365 1434 tamquam
382 1341 538 1410 feritatis
554 1351 591 1410 et
606 1343 753 1438 agrestis
768 1343 998 1420 immanitatis
1011 1350 1179 1443 indicem,
1193 1359 1268 1426 mi-

178 1473 280 1544 nime
307 1471 449 1564 laudat,
489 1473 612 1551 forsan
637 1477 743 1546 etiam
769 1480 968 1572 respiciens
994 1485 1040 1556 ad
1068 1508 1184 1560 unum
1212 1491 1269 1560 al·
1327 1469 1347 1482 μ

1 1631 2 1694 t
108 1611 120 1620 “
177 1617 346 1684 tenuare
363 1605 639 1682 tum‘viventem
654 1611 850 1705 Cynicum,
876 1613 1010 1686 virtute
1030 1617 1268 1698 commenda-

176 1739 306 1832 bilem,
332 1739 446 1838 qualis
466 1741 529 1814 ille
552 1743 781 1835 Demetrius,
803 1747 847 1816 de
869 1773 940 1841 quo
959 1752 1111 1826 Seneca:
1143 1759 1265 1848 „Hmc

174 1879 257 1972 noir¹
270 1877 395 1949 dubito
418 1879 509 1971 quin
534 1880 766 1969 providentia
787 1891 823 1951 et
845 1881 956 1967 talem
972 1888 1082 1959 vitam
1102 1903 1138 1962 et
1156 1895 1266 1968 talem
1298 1903 1300 1910 '

175 2011 318 2083 dicendi
340 2011 549 2084 facultatem
572 2013 732 2103 dederit,
756 2037 815 2084 ue,
830 2026 892 2086 aut
912 2023 1118 2114 exemplum
1134 2029 1265 2100 saeculo

175 2155 322 2232 nostro,
346 2155 409 2214 aut
424 2145 626 2218 convicium
643 2149 792 2222 deesset
796 2151 818 2192 “
842 2151 886 2222 de
904 2153 1030 2226 Benef.
1052 2161 1138 2252 7‚8,
1156 2184 1188 2232 a.
1197 2165 1265 2238 vel
1365 2207 1369 2214 ·

176 2301 313 2350 nexum
329 2291 511 2372 spectans,
537 2306 608 2376 quo
623 2293 719 2354 secta
734 2283 797 2354 illa
811 2285 1063 2385 philosophica
1077 2305 1114 2366 et
1130 2297 1261 2389 Stoica,
1283 2391 1289 2398 Ι

175 2415 235 2484 cui
256 2415 333 2508 ipse
358 2415 497 2488 deditus
522 2427 616 2506 erat,
636 2419 745 2492 inter
767 2445 805 2494 se
820 2424 1061 2504 cohaerebant
1112 2433 1156 2506 V
1150 2436 1202 2506 el
1185 2437 1283 2507 lerc‘
1396 2423 1400 2430 ¹

172 2517 341 2642 barbam,
373 2551 515 2624 Graecis
539 2585 767 2640 ιιιιιωγωιιι
788 2569 945 2649 saltem,
979 2585 1014 2646 s,
1037 2565 1095 2636 28.
1087 2571 1261 2660 repeti

170 2693 264 2772 tum,
297 2707 480 2775 summum
512 2701 755 2784 contemptum
783 2707 819 2764 et
845 2695 1044 2767 ludibrium
1075 2702 1262 2790 significat}
1335 2724 1350 2762 '-

170 2817 273 2892 Idem
295 2817 334 2888 in
356 2841 443 2888 casu
466 2820 576 2890 simili
598 2821 774 2895 Horatius
796 2831 867 2898 Sat.
887 2853 920 2916 1,
937 2831 972 2916 5,
992 2831 1072 2900 135.
1106 2831 1262 2904 Romani

170 2955 305 3046 itaper
321 2961 568 3046 contemptum
582 2955 782 3032 illudebant
797 2963 921 3034 occisis
938 2965 1066 3035 exosis.
1078 2961 1112 3061 ⁶)
1144 2967 1262 3067 „No-

168 3151 469 3184 ffl—

255 3289 313 3350 bus
328 3287 578 3368 conspiciuntur.
609 3291 790 3357 Graecornm
809 3299 1007 3361 vetustissimi
1019 3323 1117 3384 usque
1131 3305 1171 3368 ad
1186 3317 1260 3369 aeta-

253 3401 316 3456 tem
333 3395 508 3456 Alexandri
526 3397 653 3460 barbam
668 3401 803 3467 alebant.
840 3405 929 3467 ‘Tum
949 3409 1069 3490 labrum
1089 3414 1182 3474 modo
1202 3436 1257 3476 su-

248 3498 375 3578 perius,
395 3495 594 3584 postmodum
619 3505 713 3569 ctiam
733 3521 869 3576 mennam
891 3517 1069 3583 radebatur.
1110 3521 1257 3583 Athenai

249 3603 400 3689 Deipuos.
420 3612 468 3686 13,
490 3621 534 3681 18.

190 3815 226 3898 ¹⁸)
255 3821 474 3904 Plautiano,
464 3851 550 3892 rursu
573 3829 726 3895 Antonini
746 3833 937 3914 interfecto,
964 3837 1045 3917 pilos
1070 3836 1196 3916 quidam
1218 3859 1257 3932 οξ

253 3937 356 3986 mento
370 3952 437 3992 erus
449 3930 571 3995 evulsos
590 3947 736 4020 (dvm
711 3973 749 4012 «ς
776 3977 830 4011 ,ων
853 3973 951 4025 corzon
976 3977 1009 4012 ca
1034 3975 1121 4028 ysveaa
1143 3954 1255 4029 ἕκτιλιις)

251 4025 339 4086 Iuliae
356 4031 585 4116 Plautillaeque,
612 4056 760 4120 quaetum
778 4070 839 4109 una
858 4059 964 4126 erant,
985 4049 1076 4112 affert
1091 4061 1254 4132 antequam
1301 4079 1307 4092 ·

251 4133 371 4213 aliquid
391 4137 429 4197 dc
455 4141 537 4198 caede
560 4145 768 4224 audivissent,
798 4152 900 4230 „Vos‚
926 4153 1090 4237 inquiens,
1115 4171 1252 4226 vostrum

250 4239 450 4304 Plautianum
475 4243 627 4308 videtci“
668 4253 732 4313 Dio
759 4257 837 4334 Cass,
870 4261 903 4322 in
932 4264 1061 4324 Severo.
1103 4267 1188 4330 Idem
1212 4271 1252 4332 de

216 4427 224 4438 ἱ
250 4345 399 4410 Vitellio:
429 4361 456 4420 ὁι
475 4361 504 4423 δι
520 4385 551 4422 τι
573 4335 658 4441 ysitus
683 4371 792 4429 initae.
841 4365 919 4427 Cum
942 4387 1019 4430 vero
1039 4367 1118 4433 hanc
1139 4393 1250 4435 rocem

170 4482 173 4501 ·
251 4449 451 4540 Casaubouus
462 4458 641 4527 itavidctur
655 4457 867 4552 interpretari,
884 4493 918 4534 ac
936 4474 961 4534 si
976 4477 1104 4540 barbam
1112 4477 1251 4538 Socratis
