3046 5206
513 462 518 474 ’
617 483 925 564 anr.111'.,1rr.
1247 481 1319 574 307

255 782 261 794 ·
289 769 381 876 ⁸112.
434 721 507 817 ers
535 742 615 819 ons
638 747 1320 842 codd.'aliquothsbcnt,l101us“mm

227 883 464 976 aspiratione,
489 883 535 953 de
557 905 629 976 qua
644 883 763 954 formo
780 883 850 954 vid.
870 883 916 955 K
932 883 976 957 L.
993 885 1203 978 Schneider,
1229 887 1321 960 Ele-

226 1015 472 1090 mentorlebre
503 1039 539 1110 p.
570 1017 650 1088 183.
679 1019 759 1088 185.
829 1016 980 1094 Olenum
1009 1031 1045 1090 et
1076 1020 1324 1096 heluellnrum·

225 1175 316 1223 cena
332 1165 408 1224 erut
424 1149 633 1244 frugalium,
651 1149 821 1244 Horcllp:
840 1171 854 1221 1
860 1201 872 1240 ‚
890 1154 924 1242 5,
942 1175 973 1222 s.
1000 1175 1066 1226 nec
1081 1158 1320 1231 delicatorum
1407 1229 1415 1240 ,
1445 1257 1452 1262 ¹

231 1312 264 1376 r,
287 1309 343 1379 17,
364 1287 417 1357 ιδ’.
439 1289 495 1355 ris
523 1265 780 1374 „Terrestrens
802 1305 928 1354 cenom
950 1286 1037 1356 dicit
1052 1287 1200 1362 Plautus
1214 1296 1321 1384 Uspe·
1385 1277 1389 1286 ¹

230 1447 262 1510 1,
279 1443 312 1512 2,
327 1423 384 1492 80.
438 1419 611 1506 Durum,
638 1420 731 1489 mele
756 1429 922 1502 coctum,
945 1418 1043 1488 addit
1065 1423 1110 1493 ud
1134 1424 1206 1494 vim
1220 1428 1319 1496 vocis

227 1557 438 1648 augendam.
509 1531 990 1648 Populi'oribrodecussa
1012 1549 1171 1646 forino,
1214 1560 1322 1650 penis

226 1689 390 1782 plebeius
410 1699 445 1760 et
467 1687 547 1759 fere
569 1687 778 1776 furfureus,
810 1685 994 1756 consectus
1019 1713 1039 1756 e
1060 1688 1197 1778 surina,
1229 1715 1320 1762 sue·-
1426 1703 1429 1714 ’

153 1811 162 1819 ’
227 1825 325 1894 creto
339 1847 411 1894 non
428 1823 551 1894 cribro
565 1820 771 1914 pollinurio,
796 1821 858 1892 sed
874 1817 1025 1910 laxiore,
1050 1827 1146 1916 quod
1159 1828 1319 1898 minutos

226 1958 333 2028 etiam
348 1955 506 2028 furfures
521 1955 739 2026 transmittit.
760 1963 764 1974 ’
791 1955 905 2024 Vetus
926 1953 1157 2027 scholiastes:
1183 1937 1318 2047 ,Fare
1397 1971 1400 1980 '

167 2130 173 2145 ·
226 2111 330 2176 narn,
363 2113 513 2181 penem,
546 2113 620 2158 non
646 2085 849 2160 deliciosius
871 2087 993 2194 cribro
1015 2091 1222 2182 decussum,
1252 2095 1316 2194 sed

224 2207 429 2316 plebeium,
457 2223 502 2294 de
527 2221 661 2316 populi
680 2245 842 2311 annone,
868 2221 891 2290 i.
919 2245 949 2291 e.
975 2221 1170 2296 fiscsremt‘
1217 2225 1317 2294 Hine

224 2352 373 2452 Lipsius
394 2355 642 2430 frumentariae
662 2353 865 2448 largitioni,
898 2375 980 2426 eum
1005 2357 1067 2427 diu
1092 2358 1316 2444 obtinuisset,

223 2513 354 2584 ponem
372 2491 443 2561 inm
459 2491 527 2561 sub
543 2489 693 2562 Nerone
705 2489 916 2560 suceessisse
932 2489 1147 2582 suspicetur,
1160 2494 1249 2604 odeo
1263 2504 1315 2578 ut,
1360 2504 1364 2518 “

224 2647 307 2696 cum
318 2626 485 2698 Persium
504 2621 701 2697 decessisse
720 2633 859 2696 constet
879 2645 974 2694 enno
997 2623 1143 2728 imperii
1159 2595 1317 2693 Neronis

227 2761 260 2826 8.
288 2759 429 2829 Rubrio
450 2759 570 2829 Mario
585 2767 622 2827 et
635 2757 763 2829 Asinio
779 2755 885 2830 Gallo
903 2745 1130 2866 Consulibus
1152 2741 1316 2830 ilun'tum

226 2889 330 2986 penis
342 2915 415 2984 pro
429 2891 610 2964 frumento
626 2858 729 2964 dotus
744 2879 920 2974 videatur.
944 2863 948 2870 ⁵
965 2857 1203 2976 ,lterumzcllm
1217 2857 1315 2974 l’er-

226 3026 302 3100 sius
317 3031 352 3112 5,
370 3025 427 3115 74.
455 3025 588 3097 diserte
612 3027 827 3116 ostenderit,
858 3017 1192 3098 distribuentium
1211 3039 1316 3098 ceute

227 3183 294 3232 sua
308 3156 547 3249 frumentum,
573 3181 648 3232 non
666 3179 817 3254 punem,
842 3173 880 3230 et
901 3161 1049 3233 Tacitus
1066 3158 1159 3233 nnn.
1180 3167 1237 3251 15,
1254 3183 1315 3256 72.

143 3337 147 3349 ·
227 3293 439 3384 tradiderit,
469 3295 656 3367 Neronem
686 3317 781 3366 enno
808 3293 956 3390 imperii
980 3293 1194 3385 undecimo,
1225 3295 1315 3368 Silio

227 3429 347 3502 Nerre
371 3439 407 3502 et
425 3427 544 3502 Attico
570 3413 731 3500 Vestino¹
744 3427 978 3518 Consulibus,
1001 3427 1046 3522 (is
1067 3426 1136 3501 suit
1155 3453 1178 3500 a
1197 3430 1316 3503 Persii
1395 3469 1399 3476 .

225 3575 342 3636 morto
359 3587 471 3638 amiur
484 3533 628 3647 tertius)
636 3563 775 3636 dedisse
784 3561 1011 3658 praetorianis
1024 3561 1198 3635 militibus
1211 3563 1316 3654 „sine

225 3698 342 3790 pretio
358 3697 601 3787 frumentum,
626 3719 699 3790 quo
721 3709 890 3787 ante,·ex
909 3697 1018 3769 modo
1033 3697 1204 3784 onnonae,
1230 3691 1316 3765 'ute-
1384 3789 1390 3806 .

225 3832 402 3924 bunturfffi
414 3857 460 3904 ex
476 3855 593 3926 „pene
609 3827 757 3919 fiscali,“
779 3829 954 3907 vocabulo
962 3884 974 3919 ,
996 3829 1095 3923 quod
1108 3849 1181 3900 nou
1194 3825 1315 3899 minus

226 3989 334 4060 quem
347 3967 460 4058 ipsum
472 3934 678 4038 Scholiastoe
693 3968 942 4040 auctoritatem
958 3971 1165 4057 suspectum
1180 3961 1317 4036 hebere

225 4101 320 4186 lieet,
345 4099 389 4171 de
404 4101 472 4170 iste
488 4123 638 4172 annonae
651 4099 845 4171 mutatione
863 4097 955 4170 nibil
971 4093 1062 4168 certi
1076 4093 1316 4192 definiripot·

225 4233 330 4326 σεεν)
355 4227 1316 4329 Vid.Vinc.ConturinusdeLergitioneFrumentario

166 4407 169 4414 ⁴
226 4407 523 4428 m

241 4507 272 4590 *l
306 4507 371 4588 Qui
389 4505 488 4572 moris
513 4453 629 4591 populo
646 4503 787 4576 Romano
806 4505 1002 4592 praetulero
1021 4503 1174 4636 immenti
1189 4503 1315 4590 publice

1044 4615 1083 4660 no
