3046 5206
647 499 736 582 sor.
755 503 814 556 rr.
930 487 933 502 '
1207 487 1280 580 549
1309 463 1313 470 ’

193 621 730 650 ...........-.........

197 764 350 856 ripitur,
375 783 444 830 nec
458 757 658 830 audiendus
673 757 772 830 Beda
786 757 979 846 Sacerdos,
1008 781 1091 832 curn
1104 741 1283 852 „suppelss

196 897 257 968 lex
274 911 342 988 per
358 895 430 966 duo
445 897 494 988 p“
514 893 746 966 scribendum
762 893 950 986 praecipiut
963 893 1060 988 apud
1072 891 1281 968 Putechium

196 1057 227 1103 c.
245 1033 354 1102 2545.

271 1163 327 1238 An
351 1163 450 1236 Nero
473 1165 513 1232 in
534 1161 602 1234 hac
624 1162 735 1236 satiro
754 1151 954 1254 descriptus
968 1159 1098 1252 inerit,
1132 1184 1200 1232 nee
1221 1183 1281 1252 ne,

197 1300 387 1372 dissentire
406 1300 501 1371 inter
521 1319 560 1368 se
581 1295 798 1388 interpretes
820 1295 985 1366 diximus.
1035 1291 1148 1366 Vetus
1163 1293 1282 1366 Scho-

196 1436 315 1508 liastes
336 1435 521 1506 Neronem
544 1455 619 1501 non
643 1428 953 1515 commemorarit,
978 1450 1046 1498 nec
1065 1427 1196 1499 eitimrc
1213 1453 1282 1500 rc-

197 1567 335 1640 tustutis
354 1566 591 1660 interpretes,
617 1546 773 1656 quorum
796 1561 930 1660 nqurloe
953 1563 998 1633 ed
1016 1587 1081 1632 noe
1099 1583 1283 1654 pervene-

200 1715 303 1789 runt,
326 1703 365 1773 in
379 1701 597 1794 exponendo
609 1697 736 1786 satira,
760 1695 858 1766 illius
871 1697 1048 1790 principis
1064 1698 1283 1770 mentionem

199 1837 375 1908 fecerunt.
433 1833 629 1928 Antiquom
657 1841 778 1904 tumen
804 1833 854 1904 10.
878 1831 1125 1904 Murmellium
1150 1831 1284 1918 (Persii

197 1971 356 2064 Satyroe,
379 1965 505 2041 Gelon.
529 1967 639 2052 1558)
662 1977 915 2060 argumentum
936 1965 1063 2038 snirae
1080 1966 1114 2036 4.
1137 1964 1283 2038 invenio

198 2104 250 2176 itu
263 2102 454 2176 indicasse:
480 2099 545 2186 „in
561 2123 634 2188 eos,
655 2102 718 2194 qui
734 2123 859 2172 rorum
872 2097 1110 2172 humansrum
1126 2098 1283 2192 imperiti

198 2249 336 2310 temere
352 2261 391 2308 se
407 2235 452 2306 ad
467 2235 667 2326 gerendum
682 2235 930 2328 magistrumn
945 2233 1133 2328 ingerunt,
1158 2233 1283 2326 inpri-

198 2374 268 2454 mis
283 2383 401 2444 sutem
416 2371 454 2440 in
468 2370 671 2456 Neronem,
697 2368 760 2461 qui
782 2367 921 2444 iuvenis
941 2391 1008 2461 per
1028 2365 1147 2442 scelus
1161 2360 1282 2464 irnpe·

197 2509 293 2582 rium
308 2503 510 2600 occupavit,
536 2501 689 2596 imperio
704 2503 982 2596 ineptissimus.“
1018 2503 1182 2576 Eandem
1194 2527 1282 2576 seu-

195 2645 343 2716 tentiam
356 2643 471 2716 secuti
485 2650 567 2710 sunt
580 2637 752 2724 Bondius,
772 2637 972 2726 Maecilius,
997 2637 1284 2730 Tornorupesus,

197 2775 417 2860 Farnobium,
440 2769 670 2844 Schrevclius
691 2779 757 2840 oet.
778 2791 859 2838 rem
881 2791 952 2860 pro
975 2792 1144 2842 concesse
1164 2771 1285 2864 potius

198 2917 401 2998 sumentes,
423 2927 531 2998 quum
547 2903 752 2996 probantes.
802 2903 895 2974 Earn
916 2913 1035 2974 tamen
1055 2906 1209 2998 propius
1226 2917 1285 2976 ot-

198 3044 279 3140 tigit
303 3037 558 3124 Cusoubonus,
602 3035 830 3128 precipuum
853 3032 961 3106 huius
979 3029 1109 3110 satiras
1136 3061 1286 3132 scopum

155 3209 160 3218 ·
198 3178 309 3251 fuisse
326 3173 473 3262 dicens,
496 3173 536 3242 in
551 3169 736 3242 Neronem
749 3167 870 3242 invehi
888 3179 994 3264 etque
1007 3147 1126 3266 ipsum
1140 3173 1287 3246 satirico

199 3313 273 3388 sele
290 3309 484 3396 defricare,
510 3306 609 3400 quo'd
625 3323 705 3376 rem
726 3301 906 3395 publicam
920 3307 1133 3400 suscepisset
1145 3309 1286 3402 guber-

201 3448 378 3534 nandum,
419 3455 517 3516 tauto
541 3438 644 3514 oneri
663 3459 815 3531 prorsus
834 3437 971 3533 impar,
1006 3442 1175 3538 quodque
1196 3456 1289 3516 esset

176 3583 298 3658 ⁸iilius
317 3581 392 3656 rito
412 3577 562 3650 libidine
591 3575 742 3668 aliisque
775 3575 870 3646 vitiis
898 3575 1060 3672 iusserim
1097 3577 1150 3650 sic
1169 3589 1289 3650 tomen
1414 3556 1416 3564 ¹

201 3725 346 3808 poetsm
373 3713 412 3786 in
433 3715 503 3788 hoc
526 3697 740 3802 argumento
759 3709 1015 3804 indignationis
1037 3735 1112 3784 sure
1132 3713 1298 3818 hebenus*

202 3849 351 3934 laxasse,
374 3859 415 3917 ut
430 3869 549 3952 neque
562 3844 694 3936 polum,
709 3869 829 3938 neque
843 3833 1059 3937 plenis'velis
1074 3845 1114 3916 iu
1129 3845 1289 3940 (lagitio—
1377 3838 1387 3848 ⁸

204 3982 383 4052 sissirmun
398 3977 601 4072 principem
615 3977 857 4066 inveheretur,
879 4003 1009 4076 verum
1020 3988 1112 4051 tecte
1129 3979 1289 4075 erlongo

204 4115 369 4203 mollius,
393 4137 503 4206 quem
525 4110 584 4184 rel
605 4122 736 4183 nutura
756 4112 868 4204 ipsius
885 4111 1040 4200 serebat,
1061 4115 1120 4190 vel
1132 4115 1290 4190 Neronis

195 4226 338 4343 'flagitia
352 4247 605 4338 merebantur3
631 4246 802 4338 seriptum
818 4269 896 4316 esse
913 4248 1071 4340 satiram,
1092 4277 1174 4326 cum
1191 4278 1291 4325 non-

205 4387 292 4456 dum
315 4393 410 4454 totus
433 4381 640 4480 innotuernt
658 4379 779 4470 Nero,
818 4381 920 4450 cuius
942 4385 1160 4480 principium
1184 4374 1294 4458 leude'

204 4520 313 4613 digne
327 4515 452 4588 habuit
473 4514 603 4610 multo3
636 4515 752 4610 probe
773 4515 911 4590 novisse
930 4519 1115 4611 Persium,
1145 4545 1228 4594 cum
1245 4521 1292 4593 od
