3052 5202
301 507 389 580 190-
589 425 596 436 ⁵
677 496 767 554 ssu.
793 499 837 550 11.
869 478 997 552 14-16.

296 771 333 830 at
354 759 432 850 ipse
456 774 580 843 suam,
614 777 722 858 quam
748 756 894 830 unicam
915 755 1088 860 babebat,
1128 755 1286 859 sepelire
1308 779 1385 830 non

168 993 171 1011 Ι
295 893 485 988 poterat.“‘
545 892 595 962 Et
627 893 681 968 lo.
709 891 891 980 Bondius,
930 890 1084 986 Augias,
1120 893 1161 964 in
1192 903 1383 964 comment

182 1033 190 1044 '
294 1023 442 1130 A‘mstel.
470 1022 579 1097 1645:
632 1024 806 1115 „Nerius,
853 1027 916 1121 qui
940 1029 1028 1100 duas
1051 1049 1187 1102 uxores
1208 1027 1386 1120 sepelivit,

198 1219 203 1238 .
296 1175 335 1254 et
354 1162 499 1234 tertiam
528 1160 601 1231 iam
632 1160 754 1248 duxit,
794 1163 893 1234 unde
918 1173 993 1234 tres
1014 1163 1116 1236 dotes
1139 1175 1193 1243 est
1213 1161 1381 1236 lucratus.

294 1300 385 1370 Item
401 1297 491 1369 Dav.
516 1295 797 1386 Wenderbum,
830 1295 977 1387 Scotus,
996 1299 1041 1375 in
1051 1299 1180 1370 Persio
1197 1289 1383 1370 enucleato

295 1431 406 1506 Amet
435 1431 539 1536 1664.
598 1413 664 1519 „0'
681 1431 712 1499 si
735 1430 837 1503 novis
862 1432 1004 1505 dotibus
1029 1419 1197 1506 ditescam
1219 1433 1384 1525 exemplo

273 1567 417 1653 'Nerii,
446 1565 509 1656 qui
531 1575 614 1654 post
634 1563 721 1631 duas
742 1585 877 1632 uxores
898 1553 1005 1634 elatas
1027 1567 1101 1640 iam
1118 1571 1262 1638 tertiam
1277 1569 1386 1656 ducit,
1443 1577 1449 1592 ’

295 1699 393 1770 unde
409 1697 517 1768 tertia
530 1697 596 1768 dos
609 1693 663 1766 illi
679 1692 858 1766 obvenit.“
907 1697 1007 1768 Inter
1027 1701 1252 1774 recentiores
1275 1703 1385 1774 rnodo

295 1837 322 1908 1.
337 1835 378 1906 F.
394 1832 623 1926 Wagnerum
644 1831 683 1900 in
696 1828 824 1901 Persio
839 1834 1046 1924 germanice
1058 1836 1231 1909 translato
1245 1837 1384 1908 Luneb.

300 1963 405 2042 18'11.
426 1980 464 2040 et
487 1967 686 2040 Censorem
700 1967 891 2042 lenensem
913 1969 973 2056 (Α.
989 1969 1033 2042 L.
1052 1971 1092 2043 Z
1113 1973 1215 2076 18ea'.
1231 1993 1267 2040 n.
1286 1971 1385 2061 198.)

294 2105 403 2178 huius
416 2102 603 2174 sententie
618 2101 780 2174 fautores
795 2094 962 2194 invenie,
989 2129 1147 2199 quorum
1160 2105 1222 2176 ille
1238 2107 1288 2176 ite
1298 2128 1387 2175 ver-

294 2236 356 2308 tit:
382 2235 496 2321 „Der
515 2232 669 2332 Nerius,
696 2235 763 2304 der
782 2235 903 2326 kriegs
925 2239 1004 2310 scin
1026 2241 1152 2312 drittes
1175 2238 1330 2330 Weib!“
1353 2251 1388 2310 et

196 2419 206 2456 ¹.
294 2369 373 2454 hic,
407 2365 513 2436 citata
545 2367 697 2458 Scoppoe
726 2365 1041 2459 interpretatione,
1082 2359 1188 2464 urget
1210 2375 1388 2446 sermonis

294 2503 399 2574 latini
421 2523 545 2588 usum,
575 2496 643 2573 hec
667 2499 706 2570 in
727 2523 774 2570 re
792 2500 948 2577 firmiter
963 2503 1054 2600 odeo
1071 2503 1323 2593 constitutum,
1348 2517 1388 2575 ut

297 2619 379 2710 cuin
407 2639 452 2708 de
472 2659 591 2709 uxore
614 2635 777 2709 ducenda
800 2635 952 2725 dicium,
979 2635 1237 2732 quisqueillud
1252 2661 1327 2710 non
1341 2640 1389 2708 ud

295 2771 428 2844 lunera
445 2771 510 2842 sed
525 2771 571 2840 ad
582 2771 725 2862 nuptias
742 2771 929 2863 pertinere
945 2766 1130 2867 intelliget.
1146 2769 1177 2868 a)
1330 2739 1332 2754 Ι

377 2921 433 2989 15.
462 2913 515 2984 ιδ.
567 2899 668 2984 Hoec
682 2925 811 2984 sancte
826 2909 894 2986 &e
923 2913 981 2989 Ad
996 2939 1098 2986 sacra
1112 2919 1292 2988 accessuri
1305 2919 1387 3009 pri·-

295 3073 397 3120 mum
417 3072 512 3142 aqua
532 3071 573 3118 se
596 3046 805 3137 abluebant,
830 3047 946 3120 Plaut.
966 3047 1087 3122 Aulul.
1106 3049 1140 3138 5,
1157 3051 1192 3140 6,
1211 3053 1268 3122 45.
1293 3050 1386 3122 Hor.

295 3185 367 3256 Sat
391 3209 422 3273 ι,
441 3185 476 3272 5,
495 3187 551 3252 al.
578 3182 682 3276 Virg.
700 3183 784 3254 AEn.
807 3207 842 3276 9,
860 3179 917 3256 25.
950 3187 1114 3258 Macrob.
1133 3187 1275 3258 Sutura.
1300 3189 1333 3275 5,
1356 3209 1386 3255 ι.

295 3339 412 3408 eaque
435 3315 493 3386 vel
518 3314 702 3404 fluviatili,
734 3317 877 3386 AEneid.
905 3339 940 3405 2,
965 3323 1048 3406 218.
1074 3319 1136 3391 Sil.
1155 3321 1231 3392 ltol.
1251 3324 1284 3408 8,
1308 3323 1386 3392 124.

247 3515 251 3522 ,
294 3447 464 3540 inprimis
479 3445 678 3532 Tiberina,
704 3446 863 3519 Iuvenal.
880 3446 915 3532 6,
935 3449 1018 3520 bna.
1046 3451 1106 3525 vel
1120 3453 1280 3540 marine,
1304 3477 1388 3521 nam

295 3579 511 3652 &edebatur
524 3587 684 3647 Ouioooe
708 3586 855 3658 sistens
885 3605 997 3648 toves
1022 3589 1047 3650 τ’
1072 3597 1265 3660 evocamus
1289 3615 1387 3658 sose,

295 3715 426 3808 Eurip.
447 3712 609 3808 Iphigen.
659 3713 732 3786 Bis
754 3725 893 3814 terque.
934 3717 1038 3810 ,3Ter
1059 3719 1234 3790 matutino
1258 3720 1389 3792 Tiberi

317 3989 352 4066 *)
383 3989 442 4053 His
472 3987 595 4052 accedit
618 3988 774 4070 interpres
804 3961 1037 4057 recentissimus
1056 3995 1198 4058 Weber:
1243 3997 1388 4070 „Ducere

289 4101 293 4107 '
383 4113 533 4166 uxorem,
578 4106 614 4158 ut
645 4095 686 4157 sit
713 4095 864 4178 sepelire,
909 4100 1017 4166 Latini
1050 4121 1115 4164 non
1148 4099 1272 4178 dicunt,
1324 4099 1387 4161 nisi

383 4196 490 4286 srldito
516 4199 647 4277 funere,
688 4203 741 4262 vel
765 4203 940 4284 exsequiis,
982 4205 1034 4264 uel
1057 4205 1118 4265 ulia
1139 4225 1235 4280 voce,
1277 4205 1388 4286 quibus

383 4299 506 4365 dativus
530 4322 688 4382 personae,
721 4327 788 4386 quas
807 4309 972 4387 sepelitur,
992 4311 1083 4390 vulgo
1100 4308 1230 4372 accedit
1253 4307 1333 4369 Plin.
1348 4305 1387 4365 Η.

381 4405 422 4464 Ν.
437 4417 466 4477 8,
483 4407 535 4465 42.
553 4407 642 4480 „nex
657 4409 805 4471 defuncto
823 4411 853 4470 ei
870 4412 960 4474 duxit
976 4415 1171 4496 exsequias.“
1193 4403 1310 4486 ense,
1321 4425 1387 4485 1⁰9·

380 4507 479 4590 Epist
503 4511 619 4586 3,16.“
