2938 5208
259 293 268 326 Ι

429 433 436 442 ·
496 428 895 504 snr.v1.,7o.71..
968 461 974 478 .
1129 414 1201 484 545
1273 397 1285 434 “
1391 394 1395 400 ’

121 541 872 576 Μ
962 538 967 548 ,

118 691 181 760 bas
207 697 243 758 et
265 687 440 756 urtictm“
462 685 571 772 dixit,
601 683 779 776 posterius
802 707 883 756 curn
899 685 1082 779 Cruquio,
1119 687 1200 759 Ge-

118 845 228 892 snero
251 787 288 890 ei
311 795 439 892 Bodrio
463 819 673 913 pisciculum
689 819 849 889 Siculum
870 820 987 888 caruis
1012 831 1148 890 tenerae
1166 831 1202 892 et

118 965 292 1026 concoctu
322 953 483 1040 sacilrur,
523 977 629 1046 quem
660 959 837 1036 duait-„r
866 951 969 1025 'vocat
994 951 1201 1044 Athenaeus,

117 1087 349 1182 intelligimus
357 1109 367 1175 ;
391 1087 454 1159 scd
472 1085 608 1160 Plinius
623 1087 671 1158 H.
680 1089 723 1160 N.
743 1113 800 1176 rr,
821 1085 874 1160 15.
905 1089 949 1158 Iu
961 1089 1202 1181 descriptione
1298 1115 1303 1126 ·

117 1225 232 1298 victus
248 1223 383 1292 sordidi
403 1221 530 1314 urtica,
540 1222 795 1314 significantior
810 1235 881 1312 est,
906 1243 1013 1316 quam
1028 1217 1200 1318 sinciput,

117 1357 215 1454 quod
238 1359 274 1429 in
294 1356 430 1428 deliciis
453 1357 727 1444 numerabatur,
752 1369 789 1428 et
810 1367 850 1428 ut
871 1379 1014 1450 „ganeae
1028 1356 1200 1426 materia“

116 1487 256 1586 legibus
278 1485 510 1562 Censorianis
534 1489 764 1564 interdictum
786 1502 864 1564 erat
884 1491 983 1562 cenis
1011 1489 1199 1576 Romanis,

115 1621 260 1696 PlinH.
269 1623 313 1694 N.
324 1617 358 1711 8,
370 1623 426 1694 51.
444 1625 513 1694 nisi
529 1625 638 1695 scisso
647 1625 732 1696 huic
747 1627 852 1718 rapiti
868 1625 1014 1700 verrino
1027 1624 1198 1696 fortede-

58 1743 64 1748 ’
113 1757 255 1828 suerint
271 1767 426 1826 rostrutn
446 1769 483 1828 et
496 1761 613 1845 auris,
636 1771 770 1852 praeter
787 1783 878 1854 quse,
902 1771 989 1830 teste
1006 1757 1198 1829 Harduiuo

114 1891 235 1962 adlor.
245 1891 338 1962 hunc
347 1891 465 1980 Plinii,
478 1891 566 1964 nihil
576 1888 689 1985 sapidi
700 1892 814 1995 habet.
842 1893 949 1964 Auris
964 1892 1077 1961 saltim
1086 1889 1200 1962 defuit

111 2027 274 2117 integra,
300 2049 381 2117 quae
404 2037 465 2094 eut
484 2027 717 2118 suspensione
740 2027 864 2118 capitis
881 2025 981 2096 fumo
1004 2021 1199 2094 indruandi

111 2159 317 2252 perforata,
350 2169 412 2230 aui
433 2161 580 2232 oarribus
603 2161 773 2232 venaticis
797 2162 950 2231 lacerata
973 2169 1061 2230 erar.
1090 2157 1199 2228 *Fu-

112 2299 273 2382 mdsum,
299 2269 458 2386 quod¹ex
478 2306 546 2368 vet.
564 2293 680 2366 Schol.
699 2305 734 2364 et
747 2297 820 2364 suis
834 2294 935 2364 libtis
949 2291 1110 2386 reposuit
1124 2291 1200 2361 Oa-
1217 2265 1255 2335 0'

111 2425 313 2514 sanbonus,
339 2413 688 2522 oum„spuu10sum“
704 2438 784 2496 ante
799 2426 992 2519 legeretur,
1010 2435 1053 2493 ut
1066 2423 1200 2494 nostris

111 2559 369 2652 comprobatur
385 2561 488 2630 codd.
506 2561 554 2630 ita
575 2571 612 2630 et
633 2529 857 2647 Heinsiauis,
888 2559 932 2628 cs.
948 2557 1138 2628 Heinsium
1154 2555 1202 2625 ad

87 2749 94 2756 .
111 2692 219 2762 ovid.
235 2691 380 2760 Metam.
397 2695 431 2778 8,
444 2691 527 2760 648.

141 2798 147 2830 ¹
187 2843 245 2913 71.
299 2819 443 2914 Nepos,
465 2819 606 2892 exsilio
630 2819 745 2892 filiave
766 2830 887 2908 natus,
911 2823 1082 2914 nepotiuo
1096 2841 1200 2892 ruore

111 2952 247 3034 vivens.
269 3003 280 3036 k
299 2953 461 3047 Utraque
484 2951 581 3026 voris
605 2953 813 3046 significatio
829 2956 908 3026 loro
924 2953 1008 3026 huic
1022 2953 1199 3028 convenit.
1284 3029 1294 3048 ⁸

113 3087 231 3174 Olim,
255 3107 534 3178 nonnumquam.
571 3087 624 3158 Ita
644 3085 785 3178 Acron,
807 3085 1021 3160 scholiastes
1042 3085 1199 3174 Horatii,

112 3221 160 3292 ad
176 3221 245 3292 Sat
268 3245 298 3309 1,
317 3243 350 3306 1,
369 3229 427 3290 25.
453 3219 523 3291 hoo
540 3221 698 3292 omnium
713 3221 886 3293 horarum
902 3221 1112 3292 adverbium
1128 3244 1198 3324 exj

110 3355 230 3450 plicat.
255 3354 558 3426 nuntiaturae.
578 3377 609 3443 1,
631 3381 658 3444 1,
675 3355 733 3426 46.
785 3355 901 3427 Satur
927 3357 1072 3427 auseris
1090 3355 1198 3430 eatis.

110 3489 249 3562 niun
264 3487 449 3576 (cunibus
466 3489 666 3598 morsum
691 3489 832 3576 incisu,
858 3489 978 3600 voro
994 3489 1038 3562 ue
1054 3489 1098 3562 u.
1115 3450 1195 3562 nis

113 3627 150 3710 4,
167 3628 243 3707 aa.)
256 3623 502 3694 sarciebantur
518 3649 685 3698 anserum
704 3621 903 3698 ventriculi.
938 3625 997 3694 De
1009 3623 1079 3694 hoc
1094 3633 1198 3696 ratus

111 3767 234 3848 poeta:
275 3755 446 3844 „Eminet
472 3757 640 3852 impletus
660 3757 843 3853 pullorum
863 3737 1031 3828 carnibus
1055 3757 1198 3826 anser.“
1309 3808 1314 3824 .

111 3889 178 3962 Iul.
195 3889 283 3960 caes.
301 3887 522 3984 Buleugerus
540 3891 585 3962 de
605 3892 774 3966 conuiuiis
790 3891 824 3962 6.
861 3889 1010 3964 Anseris
1031 3888 1197 3982 inprimis

111 4024 216 4094 iecur
230 4033 328 4093 tauto
344 4025 382 4094 in
396 4025 515 4124 pretio
530 4025 599 4096 fuit
613 4026 815 4115 veteribus,
839 4036 881 4096 ut
893 4032 1012 4096 essent
1025 4023 1121 4116 apud
1133 4047 1195 4097 eoa

114 4171 338 4238 autonomi,
363 4181 531 4230 anserum
552 4169 731 4252 pastores,
772 4157 928 4253 quihus
956 4179 1038 4231 ares
1068 4157 1194 4249 muno,

112 4291 222 4380 lacte,
246 4293 318 4364 ficu
331 4303 366 4362 et
379 4293 498 4363 carica
512 4293 561 4362 ita
576 4291 731 4378 alerent,
750 4303 791 4362 ut
803 4269 928 4364 earuni
944 4293 1048 4366 iecur
1060 4292 1194 4368 mirum

112 4427 151 4498 iu
168 4425 316 4498 modurn
332 4437 537 4522 augeretur.
573 4423 793 4516 suenrus,
809 4427 939 4524 Deipn.
965 4451 1001 4523 9,
1018 4429 1075 4500 52.
1099 4426 1191 4500 Plio.
