2868 5200
512 391 626 442 rnon.
655 355 697 442 8.
718 398 750 462 9.
857 369 863 408 ⁸
1098 421 1103 442 .
1137 377 1184 466 59

108 643 307 734 Tumebus,
322 644 514 719 Adversas.
526 665 592 734 99,
616 647 649 716 6.
675 649 721 722 de
736 648 854 740 poetis
873 651 983 719 999919
997 651 1131 742 cogitat
1147 660 1184 719 et

30 709 33 810 Ι
106 779 287 852 lineorum
302 777 403 850 socie
418 762 637 867 ferentibus,
663 778 771 852 Orid.
787 779 911 854 Amor.
927 784 968 872 5,
986 785 1043 853 95.
1071 783 1180 854 Trist.
1212 853 1216 860 ,
1265 749 1268 760 ¹

107 915 145 1002 4,
171 935 232 1000 99,
262 936 398 1008 9999.
444 915 950 1012 11199.(19999.9,476.991,
1003 915 1078 1007 Qui
1095 939 1183 986 oar-

105 1070 177 1118 men
191 1067 264 1140 pro
279 1049 458 1120 sacrificio
472 1047 651 1142 positum,
675 1045 834 1140 Apollini
857 1063 894 1120 et
913 1051 1028 1124 Musis
1053 1050 1185 1136 oblato,

104 1181 373 1270 existimaverit,
398 1181 454 1252 illi
471 1183 718 1256 auctoritatem
736 1183 899 1254 lectionis
915 1187 1078 1276 ,‚offero“
1102 1183 1182 1254 cod.

104 1316 303 1390 liconiensi
318 1317 342 1387 3
360 1325 536 1410 receptor,
563 1313 688 1386 lubens
706 1318 806 1388 cedo.
903 1304 907 1312 ’

168 1587 201 1656 8.
226 1609 266 1682 9.
293 1581 699 1658 Pertinebatedluxnm
711 1585 982 1674 Romanorum,
998 1588 1186 1682 psittacos

101 1719 191 1792 olere
205 1720 376 1816 91991999,
394 1729 435 1791 ut
445 1718 623 1790 intrantes
635 1719 783 1792 domurn
796 1703 1003 1795 salutarent.
1027 1721 1185 1808 „Limen

101 1843 404 1941 transcendimus,
446 1848 597 1946 (domus
620 1851 786 1926 1199999999
810 1851 1048 1950 describitur)
1096 1855 1183 1924 sisto

101 1989 263 2080 gradum,
277 1986 779 2078 oudiopioornantpsittacnm
796 2017 872 2070 goos
895 1989 1184 2081 ingerninentem.

100 2123 139 2194 ln
152 2122 325 2201 domibus
342 2117 412 2187 illis
426 2121 669 2211 potentiorum
685 2085 768 2192 9999
784 2119 861 2208 hae,
893 2123 1023 2226 quibus
1048 2120 1185 2212 ingenii

100 2255 256 2348 largitor
272 2261 397 2324 venter
410 2250 582 2324 humanas
598 2279 704 2326 voces
720 2269 964 2348 expresserat,
999 2277 1111 2347 supra
1135 2253 1185 2322 ti-

100 2375 192 2460 999999Ι
203 2387 530 2482 appendebantur.“
554 2390 696 2460 Stonisl.
712 2391 1003 2486 Kobierzyekins
1019 2389 1064 2460 de
1075 2389 1185 2458 Lnxn

99 2523 204 2596 Rom.
224 2543 265 2610 9,
291 2547 326 2618 7.
377 2523 519 2614 „Super
537 2521 649 2595 limen
672 2547 780 2595 99999
794 2527 972 2617 pendebat
988 2547 1118 2609 99999,
1145 2521 1185 2594 in

100 2681 169 2752 qna
181 2657 264 2752 pico
280 2657 381 2730 vario
402 2657 581 2726 intrantes
598 2655 807 2730 saturabor
837 2660 988 2730 l'etron:
1026 2663 1083 2729 98.
1116 2659 1184 2729 Pi·
1265 2727 1275 2746 ,

99 2814 223 2862 corum
238 2766 339 2862 certo
354 2791 481 2884 generi
492 2789 633 2862 Plinius
643 2791 692 2861 Η.
701 2791 744 2862 Ν.
761 2817 822 2880 ro,
845 2797 901 2862 ts.
918 2793 1186 2883 expressiorem

99 2923 507 3020 191δώ91999ῳί1999999,
532 2947 641 3017 quem
657 2927 821 3016 psittaco,
846 2923 909 2992 sed
922 2927 1101 2994 minorem
1115 2947 1187 2990 no-

97 3057 293 3148 191111919999,
318 3059 404 3152 quio
420 3079 495 3128 non
511 3079 532 3126 9
548 3055 749 3146 longinquo
761 3055 871 3126 venit.
906 3021 1012 3138 ¹nom
1029 3055 1068 3124 in
1084 3033 1200 3146 codd„
1254 3069 1261 3084 '

95 3193 223 3266 1199999.
240 3171 416 3261 omnibus
426 3189 578 3295 aliisque
596 3187 828 3282 polseotypis,
860 3199 896 3259 et
917 3188 1080 3276 scholiis,
1106 3213 1187 3282 quse
1249 3247 1251 3252 ,

95 3323 255 3398 Cornuti
270 3323 451 3409 dicuntur,
464 3321 583 3392 latinis
593 3321 704 3394 literis
719 3323 891 3414 scriptum
900 3324 1025 3412 chere,
1051 3326 1185 3410 clroere,

97 3460 200 3552 qussi
221 3457 314 3562 iuris
334 3457 490 3529 Romani
512 3455 665 3546 factum,
690 3449 891 3552 reperimus
898 3511 911 3546 ,
938 3459 983 3529 de
1007 3426 1079 3553 999
1102 3460 1186 3530 vide

99 3593 169 3664 obs.
194 3593 243 3664 ad
265 3593 306 3681 4,
332 3595 386 3664 13.
426 3592 632 3680 ,9099999199
654 3591 797 3680 scribit,
823 3593 1003 3667 Caeserern
1018 3594 1187 3664 1991991999

100 3729 305 3818 psittacum,
330 3726 399 3824 ipsi
421 3727 552 3798 crebro
577 3727 648 3798 hoc
678 3728 906 3799 itererstem.“
931 3727 1065 3798 Glosso
1084 3735 1187 3800 vetus
1227 3745 1230 3756 '

100 3863 192 3954 opud
216 3860 255 3932 C.
271 3859 459 3932 Borthiurn
481 3858 504 3930 1.
525 3885 555 3930 9.
578 3885 659 3954 quse
673 3883 756 3952 non,
767 3871 881 3932 exstat
896 3862 935 3930 in
950 3857 1095 3930 scholiis
1114 3883 1188 3928 no-

101 3997 195 4066 mine
209 3994 362 4068 Cornuti
376 3992 540 4087 vulgetis.
592 3992 764 4084 carpitur
777 3993 956 4066 sorsoneo
973 3993 1188 4065 6999999999-
1240 4007 1243 4018 “

102 4129 176 4218 nio,
201 4127 299 4222 opud
311 4127 420 4199 huius
435 4127 505 4198 9991
520 4125 706 4198 1199999999
718 4147 834 4217 nsque
849 4126 939 4196 odeo
954 4125 1187 4216 invalescens,
1239 4111 1241 4120 ¹

104 4273 156 4351 ut,
180 4263 212 4333 si
230 4286 302 4336 non
320 4262 407 4354 olio,
433 4261 545 4336 verbo
561 4255 768 4328 salutatorio
780 4259 910 4332 Graeco
927 4275 1052 4336 essent.
1082 4267 1188 4338 Ean-

104 4397 183 4472 dem
200 4399 331 4472 tussit
346 4393 525 4469 1999999119
541 4393 583 4483 5,
612 4390 669 4465 61‘.
698 4393 739 4484 6,
769 4395 848 4470 986.
887 4398 998 4472 codd.
1017 4399 1138 4474 119999.
1156 4423 1185 4470 9.
