2932 5206
295 547 361 617 rin
691 557 781 614 ssu.
805 561 836 630 t,
864 545 1044 614 105-106.

291 687 1369 710 *mm*—

290 821 476 916 imporitos
504 829 628 889 nactus
654 805 707 892 ost
735 815 922 908 librarios,
965 841 1034 891 nec
1061 820 1281 928 defuerunt,
1312 824 1369 913 qui

288 958 448 1051 plurima
463 928 696 1050 infarcirent,
721 953 887 1047 inprimis
905 953 975 1041 illi,
1001 954 1141 1047 quibus·
1149 951 1370 1025 scholiorum

290 1091 489 1179 enarratio,
519 1109 591 1180 pro
612 1098 751 1162 vetusto
769 1111 872 1158 more
886 1087 1012 1158 forsan
1028 1069 1273 1176 breviusculis,
1298 1113 1369 1159 non

290 1224 506 1311 sufficiebat,
532 1233 639 1316 atquo
652 1224 702 1293 ita
716 1245 790 1292 non
805 1242 920 1315 pauca
939 1221 1196 1294 interiecerunt
1210 1233 1245 1292 et
1260 1237 1371 1295 suaet

290 1360 423 1449 aliena,
443 1347 647 1432 ¹doctorum
667 1340 858 1428 llominum
883 1355 1186 1451 indoctorumque
1208 1358 1368 1429 animad-

280 1480 481 1570 ,versionei
553 1493 638 1582 Quo
667 1511 741 1560 non
770 1490 885 1581 magia
899 1489 1022 1575 ,unius
1042 1489 1197 1566 Cornuti
1222 1490 1372 1582 videtur,

288 1651 396 1720 quem
424 1623 599 1693 habemns
633 1623 672 1692 in
699 1617 887 1708 Persium,
928 1625 1228 1714 commentarius,
1267 1619 1373 1721 quam

287 1760 395 1830 unius
407 1757 554 1846 Donati,
578 1757 642 1851 qui
657 1754 766 1826 huius
778 1751 925 1826 nomine
937 1763 1078 1846 prostat
1091 1755 1133 1826 in
1145 1729 1372 1851 Terentium,

208 1992 211 1998 Ι
288 1896 379 1966 adeo
399 1902 441 1964 ut
459 1889 582 1964 multis
595 1913 662 1964 nos
676 1889 801 1962 fallant
812 1884 921 1977 locis,
944 1888 1013 1963 nisi
1024 1909 1108 1960 cum
1122 1888 1258 1962 iudicio
1270 1893 1372 1987 lego-

287 2053 378 2101 mus.
428 2026 513 2103 vid.
528 2026 666 2122 praefat.
690 2025 781 2103 Etis
794 2023 918 2099 vineti
933 2021 1030 2096 Sunt.
1048 2021 1088 2097 in
1101 2023 1253 2100 cornuti
1266 2051 1372 2102 com-

287 2175 395 2235 ment.
809 2169 813 2183 ¹

365 2295 434 2367 105
441 2283 555 2366 4106.
599 2289 721 2362 Verba
735 2291 854 2364 Persii
870 2291 1126 2386 indignationis
1139 2295 1255 2390 plena.
1280 2296 1374 2370 Cum

212 2509 219 2523 .
286 2452 370 2502 oum
385 2447 536 2515 „recens
550 2395 714 2514 laeditis,
739 2421 952 2518 deliciaeque
972 2435 1009 2494 et
1029 2429 1150 2498 omnia
1173 2433 1220 2502 ad
1241 2431 1373 2525 volup-

285 2576 394 2636 tatem
410 2559 649 2632 multitudinis
665 2558 845 2653 imperitus
857 2555 1078 2653 composita“
1093 2581 1168 2633 non
1183 2562 1373 2653 delectant,

194 2793 197 2805 Ι
285 2698 524 2783 Monitorem,
548 2705 589 2765 ut
605 2715 689 2764 suos
712 2691 979 2784 Quinctilianus
998 2693 1083 2766 Inst.
1099 2693 1165 2768 Or.
1186 2715 1243 2784 ιο,
1271 2720 1302 2784 r,
1323 2696 1370 2766 45

180 2837 182 2845 ’
285 2855 338 2925 sq.
369 2829 519 2902 remittit
550 2829 596 2900 ad
610 2795 857 2918 ,uanitatem
878 2839 1044 2904 veterum
1066 2828 1311 2924 eloquentiam
1338 2839 1374 2903 et

286 2967 402 3038 robur
424 2963 513 3039 viris
538 2963 726 3058 dignmn.“
772 2962 825 3054 ¹Si
838 3011 870 3033 ..
895 2963 935 3034 in
958 2959 1080 3050 nodia,
1110 2975 1151 3034 ut
1170 2963 1315 3054 Quinct.
1340 2987 1372 3052 r,

288 3121 346 3189 10,
371 3097 428 3170 51.
466 3097 520 3188 „si
548 3097 637 3192 quid
662 3097 705 3170 in
735 3097 841 3169 nobis
862 3093 980 3173 uirilis
1005 3097 1151 3169 roboria
1171 3093 1373 3190 manebat,“

285 3243 322 3302 et
342 3232 435 3306 Hor.
459 3234 576 3326 Epod.
606 3233 673 3321 15,
699 3253 757 3305 12.
787 3233 842 3323 „si
863 3233 952 3327 quid
972 3232 1011 3304 in
1034 3231 1165 3306 Flacco
1188 3232 1261 3307 viri
1282 3237 1374 3304 est„“

238 3401 248 3420 s
283 3365 497 3454 Metaplrora
512 3365 720 3436 atestioulis
732 3365 918 3458 desumpto
932 3366 1136 3457 significans
1152 3379 1217 3458 est,
1237 3391 1374 3460 quam-

283 3495 337 3572 vis
350 3493 505 3566 obscena
520 3495 699 3570 videntum:
724 3494 865 3567 virtutis
882 3493 1040 3586 urtiquae
1054 3498 1216 3589 igniculi,
1231 3512 1374 3570 naturae

282 3627 445 3704 melioris
458 3627 593 3702 semina
604 3629 643 3699 in
656 3627 762 3699 nobis
773 3624 972 3722 perierunt.
1010 3627 1184 3700 Similiter
1200 3629 1304 3702 Philo
1323 3632 1373 3712 de

283 3787 380 3859 spec.
402 3761 558 3858 legibus:
599 3763 819 3854 „effeminati
842 3781 999 3855 corporo
1022 3773 1128 3858 atque
1149 3763 1291 3856 animo,
1323 3789 1374 3837 ne

283 3899 471 3972 scintillam
488 3900 632 3994 quidem
649 3899 844 3972 retinentes
860 3897 1005 3992 generis
1018 3897 1245 3994 nocuum)
1280 3899 1372 3974 De-

284 4031 423 4124 lumbe,
455 4033 614 4107 solutum
637 4045 674 4106 et
693 4057 836 4108 enerve.
899 4030 1078 4107 Veterum
1096 4035 1309 4130 gravitatem
1334 4048 1374 4108 et

283 4187 410 4250 terum
421 4173 564 4264 pondus
579 4194 662 4248 oum
679 4170 781 4245 inani
794 4165 1041 4246 recentiorum
1047 4169 1260 4268 loquacitate
1272 4192 1372 4266 poe-

285 4323 578 4396 ...m-...L-

299 4497 331 4568 1')
355 4514 401 4555 sas
424 4517 455 4555 st
478 4519 564 4574 ψυχας
588 4520 634 4557 m
656 4521 691 4559 ro
710 4521 818 4576 σωματα
839 4499 993 4581 Bandritum,
1039 4497 1123 4578 mdiv
1146 4501 1297 4586 imnum
1321 4517 1370 4572 ms

351 4585 464 4666 didam
479 4608 571 4663 rerem
588 4589 682 4652 tono
693 4589 868 4667 namnidon,
923 4607 926 4617 ·
