<?xml version="1.0" encoding="UTF-8"?>
<!DOCTYPE html PUBLIC "-//W3C//DTD XHTML 1.0 Transitional//EN"
    "http://www.w3.org/TR/xhtml1/DTD/xhtml1-transitional.dtd">
<html xmlns="http://www.w3.org/1999/xhtml" xml:lang="en" lang="en">
 <head>
  <title>
</title>
<meta http-equiv="Content-Type" content="text/html;charset=utf-8" />
  <meta name='ocr-system' content='tesseract 3.04.00' />
  <meta name='ocr-capabilities' content='ocr_page ocr_carea ocr_par ocr_line ocrx_word'/>
</head>
<body>
  <div class='ocr_page' id='page_1' title='image "./satir00persgoog_0360.png"; bbox 0 0 3046 5206; ppageno 0'>
   <div class='ocr_carea' id='block_1_1' title="bbox 276 753 1406 2855">
    <p class='ocr_par' dir='ltr' id='par_1_1' title="bbox 276 753 1406 2855">
     <span class='ocr_line' id='line_1_1' title="bbox 368 753 1386 850; baseline -0.011 -22"><span class='ocrx_word' id='word_1_1' title='bbox 368 760 429 849; x_wconf 74' lang='lat'><strong>57:</strong></span> <span class='ocrx_word' id='word_1_2' title='bbox 450 759 505 826; x_wconf 83' lang='lat'><strong>38.</strong></span> <span class='ocrx_word' id='word_1_3' title='bbox 559 753 791 824; x_wconf 78' lang='lat' dir='ltr'><strong>casaubonus</strong></span> <span class='ocrx_word' id='word_1_4' title='bbox 801 759 972 850; x_wconf 70' lang='lat' dir='ltr'><strong>gausape</strong></span> <span class='ocrx_word' id='word_1_5' title='bbox 986 778 1058 848; x_wconf 87' lang='lat' dir='ltr'><strong>pro</strong></span> <span class='ocrx_word' id='word_1_6' title='bbox 1072 779 1187 844; x_wconf 84' lang='lat' dir='ltr'><strong>coma,</strong></span> <span class='ocrx_word' id='word_1_7' title='bbox 1201 768 1238 828; x_wconf 81' lang='lat' dir='ltr'><strong>et</strong></span> <span class='ocrx_word' id='word_1_8' title='bbox 1251 762 1386 832; x_wconf 67' lang='lat' dir='ltr'><strong>maxil-</strong></span> 
     </span>
     <span class='ocr_line' id='line_1_2' title="bbox 302 887 1387 985; baseline 0.002 -21"><span class='ocrx_word' id='word_1_9' title='bbox 302 895 349 964; x_wconf 83' lang='lat' dir='ltr'><strong>lis</strong></span> <span class='ocrx_word' id='word_1_10' title='bbox 365 917 434 985; x_wconf 90' lang='lat' dir='ltr'><strong>pro</strong></span> <span class='ocrx_word' id='word_1_11' title='bbox 450 889 591 982; x_wconf 76' lang='lat' dir='ltr'>pectine</span> <span class='ocrx_word' id='word_1_12' title='bbox 605 890 721 981; x_wconf 85' lang='lat' dir='ltr'><strong>posita</strong></span> <span class='ocrx_word' id='word_1_13' title='bbox 737 887 933 976; x_wconf 78' lang='lat' dir='ltr'><strong>existimat,</strong></span> <span class='ocrx_word' id='word_1_14' title='bbox 959 911 1067 982; x_wconf 83' lang='lat' dir='ltr'><strong>quarn</strong></span> <span class='ocrx_word' id='word_1_15' title='bbox 1091 890 1300 964; x_wconf 71' lang='lat' dir='ltr'><strong>facetissimi</strong></span> <span class='ocrx_word' id='word_1_16' title='bbox 1320 895 1387 968; x_wconf 77' lang='lat' dir='ltr'><strong>viri</strong></span> 
     </span>
     <span class='ocr_line' id='line_1_3' title="bbox 302 1019 1386 1119; baseline 0.002 -23"><span class='ocrx_word' id='word_1_17' title='bbox 302 1029 482 1098; x_wconf 78' lang='lat' dir='ltr'><strong>inficetum</strong></span> <span class='ocrx_word' id='word_1_18' title='bbox 507 1023 843 1116; x_wconf 73' lang='lat' dir='ltr'><strong>interpretationem</strong></span> <span class='ocrx_word' id='word_1_19' title='bbox 867 1019 1033 1114; x_wconf 87' lang='lat' dir='ltr'><strong>(pectino</strong></span> <span class='ocrx_word' id='word_1_20' title='bbox 1049 1023 1235 1119; x_wconf 76' lang='lat' dir='ltr'><strong>pectere!)</strong></span> <span class='ocrx_word' id='word_1_21' title='bbox 1262 1029 1307 1100; x_wconf 86' lang='lat' dir='ltr'><strong>ab</strong></span> <span class='ocrx_word' id='word_1_22' title='bbox 1327 1030 1386 1100; x_wconf 91' lang='lat' dir='ltr'><strong>in-</strong></span> 
     </span>
     <span class='ocr_line' id='line_1_4' title="bbox 301 1155 1388 1254; baseline 0.004 -24"><span class='ocrx_word' id='word_1_23' title='bbox 301 1159 520 1252; x_wconf 81' lang='lat' dir='ltr'><strong>terpretibus</strong></span> <span class='ocrx_word' id='word_1_24' title='bbox 533 1159 617 1245; x_wconf 80' lang='lat' dir='ltr'><strong>satis</strong></span> <span class='ocrx_word' id='word_1_25' title='bbox 631 1155 752 1227; x_wconf 89' lang='lat' dir='ltr'><strong>multis</strong></span> <span class='ocrx_word' id='word_1_26' title='bbox 765 1167 805 1227; x_wconf 87' lang='lat' dir='ltr'><strong>et</strong></span> <span class='ocrx_word' id='word_1_27' title='bbox 824 1157 912 1250; x_wconf 88' lang='lat' dir='ltr'><strong>ipsis</strong></span> <span class='ocrx_word' id='word_1_28' title='bbox 929 1155 1194 1254; x_wconf 83' lang='lat' dir='ltr'><strong>lexicographis</strong></span> <span class='ocrx_word' id='word_1_29' title='bbox 1205 1161 1388 1234; x_wconf 85' lang='lat' dir='ltr'><strong>recentio-</strong></span> 
     </span>
     <span class='ocr_line' id='line_1_5' title="bbox 276 1287 1388 1394; baseline 0.004 -30"><span class='ocrx_word' id='word_1_30' title='bbox 276 1288 279 1300; x_wconf 83' lang='lat'>&#39;</span> <span class='ocrx_word' id='word_1_31' title='bbox 302 1296 403 1364; x_wconf 86' lang='lat' dir='ltr'><strong>ribus</strong></span> <span class='ocrx_word' id='word_1_32' title='bbox 419 1304 612 1387; x_wconf 82' lang='lat' dir='ltr'><strong>receptam,</strong></span> <span class='ocrx_word' id='word_1_33' title='bbox 642 1287 773 1362; x_wconf 89' lang='lat' dir='ltr'><strong>merito</strong></span> <span class='ocrx_word' id='word_1_34' title='bbox 789 1289 971 1384; x_wconf 84' lang='lat' dir='ltr'><strong>improbat</strong></span> <span class='ocrx_word' id='word_1_35' title='bbox 984 1293 1140 1394; x_wconf 84' lang='lat' dir='ltr'><strong>Koeuig,</strong></span> <span class='ocrx_word' id='word_1_36' title='bbox 1164 1295 1286 1367; x_wconf 87' lang='lat' dir='ltr'><strong>barbae</strong></span> <span class='ocrx_word' id='word_1_37' title='bbox 1299 1319 1388 1391; x_wconf 85' lang='lat' dir='ltr'><strong>par-</strong></span> 
     </span>
     <span class='ocr_line' id='line_1_6' title="bbox 305 1397 1389 1522; baseline 0.003 -22"><span class='ocrx_word' id='word_1_38' title='bbox 305 1444 388 1519; x_wconf 87' lang='lat' dir='ltr'><strong>tem,</strong></span> <span class='ocrx_word' id='word_1_39' title='bbox 409 1453 517 1522; x_wconf 88' lang='lat' dir='ltr'><strong>quam</strong></span> <span class='ocrx_word' id='word_1_40' title='bbox 532 1427 739 1520; x_wconf 88' lang='lat' dir='ltr'><strong>relinquere</strong></span> <span class='ocrx_word' id='word_1_41' title='bbox 754 1427 793 1496; x_wconf 90' lang='lat' dir='ltr'><strong>in</strong></span> <span class='ocrx_word' id='word_1_42' title='bbox 807 1427 910 1520; x_wconf 84' lang='lat' dir='ltr'><strong>genis</strong></span> <span class='ocrx_word' id='word_1_43' title='bbox 924 1397 1257 1512; x_wconf 77' lang='lat' dir='ltr'><strong>(maxillisllllartial.</strong></span> <span class='ocrx_word' id='word_1_44' title='bbox 1270 1433 1389 1522; x_wconf 85' lang='lat'><strong>8,47.)</strong></span> 
     </span>
     <span class='ocr_line' id='line_1_7' title="bbox 305 1559 1389 1660; baseline -0.001 -26"><span class='ocrx_word' id='word_1_45' title='bbox 305 1566 417 1636; x_wconf 89' lang='lat' dir='ltr'><strong>moris</strong></span> <span class='ocrx_word' id='word_1_46' title='bbox 433 1574 529 1650; x_wconf 86' lang='lat' dir='ltr'><strong>erat,</strong></span> <span class='ocrx_word' id='word_1_47' title='bbox 555 1559 766 1660; x_wconf 81' lang='lat' dir='ltr'><strong>adscititiam</strong></span> <span class='ocrx_word' id='word_1_48' title='bbox 782 1559 1004 1652; x_wconf 83' lang='lat' dir='ltr'><strong>intelligens,</strong></span> <span class='ocrx_word' id='word_1_49' title='bbox 1030 1566 1117 1636; x_wconf 76' lang='lat' dir='ltr'><strong>adeo</strong></span> <span class='ocrx_word' id='word_1_50' title='bbox 1132 1577 1173 1637; x_wconf 93' lang='lat' dir='ltr'><strong>ut</strong></span> <span class='ocrx_word' id='word_1_51' title='bbox 1186 1589 1312 1636; x_wconf 87' lang='lat' dir='ltr'><strong>sensus</strong></span> <span class='ocrx_word' id='word_1_52' title='bbox 1329 1563 1389 1636; x_wconf 75' lang='lat' dir='ltr'><strong>sit&#39;:</strong></span> 
     </span>
     <span class='ocr_line' id='line_1_8' title="bbox 305 1673 1390 1792; baseline 0 -24"><span class='ocrx_word' id='word_1_53' title='bbox 305 1701 389 1786; x_wconf 90' lang='lat' dir='ltr'><strong>„Tu</strong></span> <span class='ocrx_word' id='word_1_54' title='bbox 397 1749 410 1783; x_wconf 89' lang='lat'><strong>,</strong></span> <span class='ocrx_word' id='word_1_55' title='bbox 437 1697 499 1790; x_wconf 89' lang='lat' dir='ltr'><strong>qui</strong></span> <span class='ocrx_word' id='word_1_56' title='bbox 518 1696 646 1765; x_wconf 87' lang='lat' dir='ltr'><strong>faeiem</strong></span> <span class='ocrx_word' id='word_1_57' title='bbox 662 1693 746 1788; x_wconf 89' lang='lat' dir='ltr'><strong>pilis</strong></span> <span class='ocrx_word' id='word_1_58' title='bbox 762 1673 945 1766; x_wconf 85' lang='lat' dir='ltr'><strong>adscititiis</strong></span> <span class='ocrx_word' id='word_1_59' title='bbox 959 1721 1067 1767; x_wconf 84' lang='lat' dir='ltr'><strong>ornas</strong></span> <span class='ocrx_word' id='word_1_60' title='bbox 1074 1752 1087 1785; x_wconf 94' lang='lat'><strong>,</strong></span> <span class='ocrx_word' id='word_1_61' title='bbox 1110 1700 1172 1771; x_wconf 88' lang='lat' dir='ltr'><strong>ubi</strong></span> <span class='ocrx_word' id='word_1_62' title='bbox 1185 1711 1314 1770; x_wconf 86' lang='lat' dir='ltr'><strong>natura</strong></span> <span class='ocrx_word' id='word_1_63' title='bbox 1329 1701 1390 1792; x_wconf 92' lang='lat' dir='ltr'><strong>pi-</strong></span> 
     </span>
     <span class='ocr_line' id='line_1_9' title="bbox 305 1825 1393 1926; baseline 0.001 -25"><span class='ocrx_word' id='word_1_64' title='bbox 305 1831 447 1902; x_wconf 87' lang='lat' dir='ltr'><strong>los&#39;tibi</strong></span> <span class='ocrx_word' id='word_1_65' title='bbox 468 1829 632 1923; x_wconf 85' lang='lat' dir='ltr'><strong>negavit,</strong></span> <span class='ocrx_word' id='word_1_66' title='bbox 657 1850 725 1898; x_wconf 87' lang='lat' dir='ltr'><strong>cur</strong></span> <span class='ocrx_word' id='word_1_67' title='bbox 747 1827 885 1919; x_wconf 82' lang='lat' dir='ltr'><strong>depiles</strong></span> <span class='ocrx_word' id='word_1_68' title='bbox 907 1852 970 1900; x_wconf 86' lang='lat' dir='ltr'><strong>eas</strong></span> <span class='ocrx_word' id='word_1_69' title='bbox 993 1825 1140 1923; x_wconf 78' lang='lat' dir='ltr'><strong>partes,</strong></span> <span class='ocrx_word' id='word_1_70' title='bbox 1156 1858 1242 1926; x_wconf 85' lang='lat' dir='ltr'><strong>quas</strong></span> <span class='ocrx_word' id='word_1_71' title='bbox 1261 1845 1393 1903; x_wconf 87' lang='lat' dir='ltr'><strong>natura</strong></span> 
     </span>
     <span class='ocr_line' id='line_1_10' title="bbox 304 1931 1392 2068; baseline 0.003 -33"><span class='ocrx_word' id='word_1_72' title='bbox 304 1967 389 2060; x_wconf 88' lang='lat' dir='ltr'><strong>pilis</strong></span> <span class='ocrx_word' id='word_1_73' title='bbox 403 1965 546 2040; x_wconf 84' lang='lat' dir='ltr'><strong>vestitas</strong></span> <span class='ocrx_word' id='word_1_74' title='bbox 560 1987 639 2034; x_wconf 89' lang='lat' dir='ltr'><strong>esse</strong></span> <span class='ocrx_word' id='word_1_75' title='bbox 656 1955 823 2068; x_wconf 56' lang='grc' dir='ltr'><strong>νοίιιίῐξ(ι</strong></span> <span class='ocrx_word' id='word_1_76' title='bbox 853 1961 992 2038; x_wconf 84' lang='lat' dir='ltr'><strong>Eadem</strong></span> <span class='ocrx_word' id='word_1_77' title='bbox 1009 1965 1084 2038; x_wconf 87' lang='lat' dir='ltr'><strong>sere</strong></span> <span class='ocrx_word' id='word_1_78' title='bbox 1098 1931 1392 2060; x_wconf 73' lang='lat' dir='ltr'><strong>interpretatione</strong></span> 
     </span>
     <span class='ocr_line' id='line_1_11' title="bbox 304 2099 1392 2192; baseline -0.002 -24"><span class='ocrx_word' id='word_1_79' title='bbox 304 2099 638 2192; x_wconf 81' lang='lat' dir='ltr'><strong>Steph.&#39;Claverius,</strong></span> <span class='ocrx_word' id='word_1_80' title='bbox 654 2110 759 2189; x_wconf 85' lang='lat' dir='ltr'><strong>gente</strong></span> <span class='ocrx_word' id='word_1_81' title='bbox 773 2109 809 2166; x_wconf 91' lang='lat' dir='ltr'><strong>et</strong></span> <span class='ocrx_word' id='word_1_82' title='bbox 825 2109 927 2168; x_wconf 84' lang='lat' dir='ltr'><strong>aetate</strong></span> <span class='ocrx_word' id='word_1_83' title='bbox 944 2099 1157 2174; x_wconf 81' lang='lat' dir='ltr'><strong>casaubono</strong></span> <span class='ocrx_word' id='word_1_84' title='bbox 1170 2103 1392 2187; x_wconf 84' lang='lat' dir='ltr'><strong>coniunctus,</strong></span> 
     </span>
     <span class='ocr_line' id='line_1_12' title="bbox 304 2227 1392 2332; baseline 0.004 -34"><span class='ocrx_word' id='word_1_85' title='bbox 304 2229 497 2314; x_wconf 88' lang='lat' dir='ltr'><strong>in‚,Persio</strong></span> <span class='ocrx_word' id='word_1_86' title='bbox 508 2227 721 2332; x_wconf 85' lang='lat' dir='ltr'><strong>explanato“</strong></span> <span class='ocrx_word' id='word_1_87' title='bbox 731 2229 943 2318; x_wconf 82' lang='lat' dir='ltr'><strong>Paris.1607</strong></span> <span class='ocrx_word' id='word_1_88' title='bbox 955 2234 1064 2323; x_wconf 85' lang='lat' dir='ltr'><strong>edito,</strong></span> <span class='ocrx_word' id='word_1_89' title='bbox 1073 2261 1218 2308; x_wconf 85' lang='lat' dir='ltr'><strong>sensum</strong></span> <span class='ocrx_word' id='word_1_90' title='bbox 1227 2235 1392 2322; x_wconf 87' lang='lat' dir='ltr'><strong>restituit,</strong></span> 
     </span>
     <span class='ocr_line' id='line_1_13' title="bbox 297 2349 1393 2463; baseline 0.014 -36"><span class='ocrx_word' id='word_1_91' title='bbox 297 2349 468 2456; x_wconf 74' lang='lat' dir='ltr'><strong>gausape</strong></span> <span class='ocrx_word' id='word_1_92' title='bbox 490 2356 725 2444; x_wconf 82' lang='lat' dir='ltr'><strong>„coesariem“</strong></span> <span class='ocrx_word' id='word_1_93' title='bbox 746 2359 886 2444; x_wconf 86' lang='lat' dir='ltr'><strong>dicens,</strong></span> <span class='ocrx_word' id='word_1_94' title='bbox 911 2361 996 2454; x_wconf 79' lang='lat' dir='ltr'><strong>„vel</strong></span> <span class='ocrx_word' id='word_1_95' title='bbox 1010 2388 1133 2436; x_wconf 80' lang='lat' dir='ltr'><strong>reram</strong></span> <span class='ocrx_word' id='word_1_96' title='bbox 1150 2349 1207 2441; x_wconf 80' lang='lat' dir='ltr'><strong>rel</strong></span> <span class='ocrx_word' id='word_1_97' title='bbox 1225 2382 1393 2463; x_wconf 75' lang='lat' dir='ltr'><strong>emptam,</strong></span> 
     </span>
     <span class='ocr_line' id='line_1_14' title="bbox 303 2489 1406 2586; baseline 0.014 -26"><span class='ocrx_word' id='word_1_98' title='bbox 303 2515 374 2586; x_wconf 83' lang='lat' dir='ltr'><strong>qua</strong></span> <span class='ocrx_word' id='word_1_99' title='bbox 388 2489 520 2560; x_wconf 87' lang='lat' dir='ltr'><strong>uostris</strong></span> <span class='ocrx_word' id='word_1_100' title='bbox 531 2489 885 2583; x_wconf 71' lang='lat' dir='ltr'><strong>etiamtemporibus</strong></span> <span class='ocrx_word' id='word_1_101' title='bbox 906 2493 1131 2586; x_wconf 80' lang='lat' dir='ltr'><strong>recalvastri,</strong></span> <span class='ocrx_word' id='word_1_102' title='bbox 1156 2499 1213 2570; x_wconf 85' lang='lat' dir='ltr'><strong>vel</strong></span> <span class='ocrx_word' id='word_1_103' title='bbox 1237 2501 1299 2571; x_wconf 88' lang='lat' dir='ltr'><strong>lue</strong></span> <span class='ocrx_word' id='word_1_104' title='bbox 1324 2527 1406 2575; x_wconf 51' lang='lat' dir='ltr'><strong>vem</strong></span> 
     </span>
     <span class='ocr_line' id='line_1_15' title="bbox 304 2623 1396 2729; baseline 0.005 -29"><span class='ocrx_word' id='word_1_105' title='bbox 304 2651 416 2700; x_wconf 91' lang='lat' dir='ltr'><strong>nerea</strong></span> <span class='ocrx_word' id='word_1_106' title='bbox 431 2623 617 2729; x_wconf 80' lang='lat' dir='ltr'><strong>flagellati,</strong></span> <span class='ocrx_word' id='word_1_107' title='bbox 639 2637 746 2718; x_wconf 85' lang='lat' dir='ltr'><strong>caput</strong></span> <span class='ocrx_word' id='word_1_108' title='bbox 768 2623 969 2722; x_wconf 70' lang='lat' dir='ltr'><strong>obvelant“</strong></span> <span class='ocrx_word' id='word_1_109' title='bbox 1012 2628 1127 2712; x_wconf 76' lang='lat' dir='ltr'><strong>Codd.</strong></span> <span class='ocrx_word' id='word_1_110' title='bbox 1150 2631 1272 2702; x_wconf 89' lang='lat' dir='ltr'><strong>Haun.</strong></span> <span class='ocrx_word' id='word_1_111' title='bbox 1298 2654 1332 2704; x_wconf 81' lang='lat' dir='ltr'><strong>a.</strong></span> <span class='ocrx_word' id='word_1_112' title='bbox 1358 2635 1396 2706; x_wconf 90' lang='lat'><strong>6.</strong></span> 
     </span>
     <span class='ocr_line' id='line_1_16' title="bbox 303 2741 1364 2855; baseline 0.008 -23"><span class='ocrx_word' id='word_1_113' title='bbox 303 2765 367 2854; x_wconf 89' lang='lat' dir='ltr'><strong>„iu</strong></span> <span class='ocrx_word' id='word_1_114' title='bbox 380 2759 570 2834; x_wconf 83' lang='lat' dir='ltr'><strong>maxillis.“</strong></span> <span class='ocrx_word' id='word_1_115' title='bbox 584 2743 707 2830; x_wconf 80' lang='lat' dir='ltr'><strong>Haun&#39;.</strong></span> <span class='ocrx_word' id='word_1_116' title='bbox 727 2783 757 2830; x_wconf 89' lang='lat'><strong>1.</strong></span> <span class='ocrx_word' id='word_1_117' title='bbox 778 2785 810 2855; x_wconf 82' lang='lat'><strong>7.</strong></span> <span class='ocrx_word' id='word_1_118' title='bbox 829 2771 866 2831; x_wconf 90' lang='lat' dir='ltr'><strong>et</strong></span> <span class='ocrx_word' id='word_1_119' title='bbox 882 2764 915 2832; x_wconf 82' lang='lat'><strong>4.</strong></span> <span class='ocrx_word' id='word_1_120' title='bbox 930 2763 1026 2854; x_wconf 87' lang='lat' dir='ltr'><strong>apud</strong></span> <span class='ocrx_word' id='word_1_121' title='bbox 1039 2741 1127 2839; x_wconf 69' lang='lat' dir='ltr'><strong>Acti.</strong></span> <span class='ocrx_word' id='word_1_122' title='bbox 1144 2769 1364 2854; x_wconf 86' lang='lat' dir='ltr'><strong>„detonsis.“</strong></span> 
     </span>
    </p>
   </div>
   <div class='ocr_carea' id='block_1_2' title="bbox 259 2951 1395 3201">
    <p class='ocr_par' dir='ltr' id='par_1_2' title="bbox 259 2951 1395 3201">
     <span class='ocr_line' id='line_1_17' title="bbox 378 2951 1394 3072; baseline 0.003 -38"><span class='ocrx_word' id='word_1_123' title='bbox 378 2965 435 3056; x_wconf 76' lang='lat'><strong>50.</strong></span> <span class='ocrx_word' id='word_1_124' title='bbox 478 2959 723 3032; x_wconf 84' lang='lat' dir='ltr'><strong>Pnloestritns</strong></span> <span class='ocrx_word' id='word_1_125' title='bbox 736 2958 883 3032; x_wconf 87' lang='lat' dir='ltr'><strong>athletas</strong></span> <span class='ocrx_word' id='word_1_126' title='bbox 902 2951 1014 3056; x_wconf 68' lang='lat' dir='ltr'><strong>vulgo</strong></span> <span class='ocrx_word' id='word_1_127' title='bbox 1026 2965 1154 3038; x_wconf 86' lang='lat' dir='ltr'><strong>dicunt</strong></span> <span class='ocrx_word' id='word_1_128' title='bbox 1168 2959 1394 3072; x_wconf 81' lang='lat' dir='ltr'><strong>interpretes,</strong></span> 
     </span>
     <span class='ocr_line' id='line_1_18' title="bbox 259 3093 1395 3201; baseline 0.008 -36"><span class='ocrx_word' id='word_1_129' title='bbox 259 3143 263 3161; x_wconf 80' lang='grc'><strong>.</strong></span> <span class='ocrx_word' id='word_1_130' title='bbox 304 3097 328 3166; x_wconf 91' lang='lat' dir='ltr'><strong>i.</strong></span> <span class='ocrx_word' id='word_1_131' title='bbox 345 3123 376 3167; x_wconf 84' lang='lat' dir='ltr'><strong>e.</strong></span> <span class='ocrx_word' id='word_1_132' title='bbox 394 3094 559 3201; x_wconf 85' lang='lat' dir='ltr'><strong>homines</strong></span> <span class='ocrx_word' id='word_1_133' title='bbox 576 3093 853 3181; x_wconf 82' lang='lat' dir='ltr'><strong>robustissimos,</strong></span> <span class='ocrx_word' id='word_1_134' title='bbox 870 3095 993 3188; x_wconf 83' lang='lat' dir='ltr'><strong>quales</strong></span> <span class='ocrx_word' id='word_1_135' title='bbox 1008 3100 1044 3168; x_wconf 90' lang='lat' dir='ltr'><strong>in</strong></span> <span class='ocrx_word' id='word_1_136' title='bbox 1061 3103 1228 3192; x_wconf 81' lang='lat' dir='ltr'><strong>palaestra</strong></span> <span class='ocrx_word' id='word_1_137' title='bbox 1241 3127 1395 3177; x_wconf 83' lang='lat' dir='ltr'><strong>versun·</strong></span> 
     </span>
    </p>
   </div>
   <div class='ocr_carea' id='block_1_3' title="bbox 304 3227 1393 3326">
    <p class='ocr_par' dir='ltr' id='par_1_3' title="bbox 304 3227 1393 3326">
     <span class='ocr_line' id='line_1_19' title="bbox 304 3227 1393 3326; baseline 0.003 -26"><span class='ocrx_word' id='word_1_138' title='bbox 304 3243 374 3302; x_wconf 82' lang='lat' dir='ltr'><strong>lur.</strong></span> <span class='ocrx_word' id='word_1_139' title='bbox 425 3230 573 3300; x_wconf 72' lang='lat' dir='ltr'><strong>Recllus</strong></span> <span class='ocrx_word' id='word_1_140' title='bbox 586 3227 836 3301; x_wconf 69' lang='lat' dir='ltr'><strong>casaubonus:</strong></span> <span class='ocrx_word' id='word_1_141' title='bbox 858 3235 1079 3310; x_wconf 66' lang='lat' dir='ltr'><strong>(lerinensem</strong></span> <span class='ocrx_word' id='word_1_142' title='bbox 1097 3248 1393 3326; x_wconf 76' lang='grc' dir='ltr'><strong><em>ἕρῥωμενεςατοι,</em></strong></span> 
     </span>
    </p>
   </div>
   <div class='ocr_carea' id='block_1_4' title="bbox 169 3371 1395 3718">
    <p class='ocr_par' dir='ltr' id='par_1_4' title="bbox 169 3371 1395 3718">
     <span class='ocr_line' id='line_1_20' title="bbox 303 3371 1394 3469; baseline 0.01 -41"><span class='ocrx_word' id='word_1_143' title='bbox 303 3395 363 3428; x_wconf 73' lang='grc' dir='ltr'><strong>και</strong></span> <span class='ocrx_word' id='word_1_144' title='bbox 382 3391 442 3444; x_wconf 66' lang='grc' dir='ltr'><strong>της</strong></span> <span class='ocrx_word' id='word_1_145' title='bbox 461 3373 737 3444; x_wconf 57' lang='lat' dir='ltr'><strong>tauromenum</strong></span> <span class='ocrx_word' id='word_1_146' title='bbox 754 3395 794 3430; x_wconf 80' lang='grc' dir='ltr'><strong>τα</strong></span> <span class='ocrx_word' id='word_1_147' title='bbox 811 3394 946 3447; x_wconf 69' lang='lat' dir='ltr'><strong>aeota,</strong></span> <span class='ocrx_word' id='word_1_148' title='bbox 965 3371 1144 3464; x_wconf 80' lang='lat' dir='ltr'><strong>(vulsores</strong></span> <span class='ocrx_word' id='word_1_149' title='bbox 1154 3373 1394 3469; x_wconf 68' lang='lat' dir='ltr'><strong>robustissimi</strong></span> 
     </span>
     <span class='ocr_line' id='line_1_21' title="bbox 304 3495 1394 3592; baseline 0.009 -26"><span class='ocrx_word' id='word_1_150' title='bbox 304 3507 340 3566; x_wconf 85' lang='lat' dir='ltr'><strong>et</strong></span> <span class='ocrx_word' id='word_1_151' title='bbox 365 3519 440 3564; x_wconf 86' lang='lat' dir='ltr'><strong>suoe</strong></span> <span class='ocrx_word' id='word_1_152' title='bbox 462 3495 549 3564; x_wconf 87' lang='lat' dir='ltr'><strong>artis</strong></span> <span class='ocrx_word' id='word_1_153' title='bbox 567 3495 765 3591; x_wconf 88' lang='lat' dir='ltr'><strong>principes)</strong></span> <span class='ocrx_word' id='word_1_154' title='bbox 787 3522 859 3592; x_wconf 89' lang='lat' dir='ltr'><strong>quo</strong></span> <span class='ocrx_word' id='word_1_155' title='bbox 880 3512 999 3574; x_wconf 81' lang='lat' dir='ltr'><strong>tamen</strong></span> <span class='ocrx_word' id='word_1_156' title='bbox 1020 3503 1122 3576; x_wconf 84' lang='lat' dir='ltr'><strong>illurn</strong></span> <span class='ocrx_word' id='word_1_157' title='bbox 1143 3508 1222 3578; x_wconf 81' lang='lat' dir='ltr'><strong>roci</strong></span> <span class='ocrx_word' id='word_1_158' title='bbox 1246 3530 1394 3576; x_wconf 80' lang='lat' dir='ltr'><strong>sensum</strong></span> 
     </span>
     <span class='ocr_line' id='line_1_22' title="bbox 169 3629 1395 3718; baseline 0.007 -18"><span class='ocrx_word' id='word_1_159' title='bbox 169 3695 181 3718; x_wconf 71' lang='lat'><strong><em>‚</em></strong></span> <span class='ocrx_word' id='word_1_160' title='bbox 280 3671 283 3676; x_wconf 95' lang='lat'>·</span> <span class='ocrx_word' id='word_1_161' title='bbox 303 3633 419 3702; x_wconf 86' lang='lat' dir='ltr'><strong>inesse</strong></span> <span class='ocrx_word' id='word_1_162' title='bbox 433 3649 506 3699; x_wconf 89' lang='lat' dir='ltr'><strong>non</strong></span> <span class='ocrx_word' id='word_1_163' title='bbox 520 3631 740 3700; x_wconf 85' lang='lat' dir='ltr'><strong>monstravit.</strong></span> <span class='ocrx_word' id='word_1_164' title='bbox 777 3629 899 3708; x_wconf 80' lang='lat' dir='ltr'><strong>Locus</strong></span> <span class='ocrx_word' id='word_1_165' title='bbox 915 3649 968 3710; x_wconf 89' lang='lat' dir='ltr'><strong>est</strong></span> <span class='ocrx_word' id='word_1_166' title='bbox 982 3637 1197 3712; x_wconf 85' lang='lat' dir='ltr'><strong>Tertulliani</strong></span> <span class='ocrx_word' id='word_1_167' title='bbox 1213 3639 1258 3712; x_wconf 89' lang='lat' dir='ltr'><strong>de</strong></span> <span class='ocrx_word' id='word_1_168' title='bbox 1273 3635 1395 3710; x_wconf 90' lang='lat' dir='ltr'><strong>Pallio</strong></span> 
     </span>
    </p>
   </div>
   <div class='ocr_carea' id='block_1_5' title="bbox 305 3817 607 3858">
    <p class='ocr_par' dir='ltr' id='par_1_5' title="bbox 305 3817 607 3858">
     <span class='ocr_line' id='line_1_23' title="bbox 604 3817 607 3828; baseline 0 0"><span class='ocrx_word' id='word_1_169' title='bbox 604 3817 607 3828; x_wconf 83' lang='grc' dir='ltr'><strong>ι</strong></span> 
     </span>
     <span class='ocr_line' id='line_1_24' title="bbox 305 3837 597 3858; baseline -0.007 0"><span class='ocrx_word' id='word_1_170' title='bbox 305 3837 597 3858; x_wconf 57' lang='grc' dir='ltr'><strong><em>Μ</em></strong></span> 
     </span>
    </p>
   </div>
   <div class='ocr_carea' id='block_1_6' title="bbox 281 3987 1394 4388">
    <p class='ocr_par' dir='ltr' id='par_1_6' title="bbox 388 3987 1393 4074">
     <span class='ocr_line' id='line_1_25' title="bbox 388 3987 1393 4074; baseline 0.008 -26"><span class='ocrx_word' id='word_1_171' title='bbox 388 4010 511 4052; x_wconf 87' lang='lat' dir='ltr'><strong>morum</strong></span> <span class='ocrx_word' id='word_1_172' title='bbox 529 3998 561 4049; x_wconf 87' lang='lat' dir='ltr'><strong>et</strong></span> <span class='ocrx_word' id='word_1_173' title='bbox 575 3987 766 4065; x_wconf 77' lang='lat' dir='ltr'><strong>saltatorum,</strong></span> <span class='ocrx_word' id='word_1_174' title='bbox 787 4013 864 4074; x_wconf 83' lang='lat' dir='ltr'><strong>quos</strong></span> <span class='ocrx_word' id='word_1_175' title='bbox 879 3995 1017 4058; x_wconf 86' lang='lat' dir='ltr'><strong>lulianus</strong></span> <span class='ocrx_word' id='word_1_176' title='bbox 1034 3997 1067 4060; x_wconf 88' lang='lat' dir='ltr'><strong>iu</strong></span> <span class='ocrx_word' id='word_1_177' title='bbox 1078 3997 1266 4060; x_wconf 76' lang='lat' dir='ltr'><strong>Antiochino</strong></span> <span class='ocrx_word' id='word_1_178' title='bbox 1287 4019 1309 4058; x_wconf 92' lang='lat' dir='ltr'><strong>s.</strong></span> <span class='ocrx_word' id='word_1_179' title='bbox 1327 3996 1393 4058; x_wconf 81' lang='lat' dir='ltr'><strong>tti-</strong></span> 
     </span>
    </p>

    <p class='ocr_par' dir='ltr' id='par_1_7' title="bbox 309 4093 1393 4288">
     <span class='ocr_line' id='line_1_26' title="bbox 309 4093 1392 4182; baseline 0.007 -31"><span class='ocrx_word' id='word_1_180' title='bbox 309 4127 315 4132; x_wconf 96' lang='lat'>-</span> <span class='ocrx_word' id='word_1_181' title='bbox 385 4113 541 4173; x_wconf 82' lang='lat' dir='ltr'><strong>sopogono</strong></span> <span class='ocrx_word' id='word_1_182' title='bbox 554 4093 680 4170; x_wconf 84' lang='lat' dir='ltr'><strong>,‚viros“</strong></span> <span class='ocrx_word' id='word_1_183' title='bbox 698 4098 794 4176; x_wconf 87' lang='lat' dir='ltr'><strong>dicit,</strong></span> <span class='ocrx_word' id='word_1_184' title='bbox 813 4121 895 4176; x_wconf 89' lang='lat' dir='ltr'><strong>„non</strong></span> <span class='ocrx_word' id='word_1_185' title='bbox 912 4101 1005 4162; x_wconf 88' lang='lat' dir='ltr'><strong>modo</strong></span> <span class='ocrx_word' id='word_1_186' title='bbox 1023 4104 1128 4182; x_wconf 80' lang='lat' dir='ltr'><strong>genis,</strong></span> <span class='ocrx_word' id='word_1_187' title='bbox 1150 4105 1205 4166; x_wconf 85' lang='lat' dir='ltr'><strong>sed</strong></span> <span class='ocrx_word' id='word_1_188' title='bbox 1219 4103 1313 4164; x_wconf 83' lang='lat' dir='ltr'><strong>etiam</strong></span> <span class='ocrx_word' id='word_1_189' title='bbox 1327 4111 1392 4161; x_wconf 90' lang='lat' dir='ltr'><strong>toto</strong></span> 
     </span>
     <span class='ocr_line' id='line_1_27' title="bbox 385 4199 1393 4288; baseline 0.01 -34"><span class='ocrx_word' id='word_1_190' title='bbox 385 4217 521 4275; x_wconf 84' lang='lat' dir='ltr'><strong>corporo</strong></span> <span class='ocrx_word' id='word_1_191' title='bbox 545 4199 714 4278; x_wconf 82' lang='lat' dir='ltr'><strong>depilatus,</strong></span> <span class='ocrx_word' id='word_1_192' title='bbox 760 4216 795 4268; x_wconf 90' lang='lat' dir='ltr'><strong>ut</strong></span> <span class='ocrx_word' id='word_1_193' title='bbox 816 4205 892 4288; x_wconf 84' lang='lat' dir='ltr'><strong>ipsis</strong></span> <span class='ocrx_word' id='word_1_194' title='bbox 916 4208 1045 4269; x_wconf 82' lang='lat' dir='ltr'><strong>feminis</strong></span> <span class='ocrx_word' id='word_1_195' title='bbox 1068 4209 1204 4272; x_wconf 81' lang='lat' dir='ltr'><strong>leviores</strong></span> <span class='ocrx_word' id='word_1_196' title='bbox 1227 4209 1393 4269; x_wconf 86' lang='lat' dir='ltr'><strong>videantur</strong></span> 
     </span>
    </p>

    <p class='ocr_par' dir='ltr' id='par_1_8' title="bbox 281 4294 1394 4388">
     <span class='ocr_line' id='line_1_28' title="bbox 281 4294 1394 4388; baseline 0.017 -41"><span class='ocrx_word' id='word_1_197' title='bbox 281 4307 289 4328; x_wconf 37' lang='grc' dir='ltr'><strong>Χ</strong></span> <span class='ocrx_word' id='word_1_198' title='bbox 357 4376 358 4382; x_wconf 15' lang='grc'>1</span> <span class='ocrx_word' id='word_1_199' title='bbox 385 4294 470 4362; x_wconf 74' lang='grc' dir='ltr'>(ἁπαν</span> <span class='ocrx_word' id='word_1_200' title='bbox 486 4319 516 4355; x_wconf 73' lang='lat' dir='ltr'><strong>so</strong></span> <span class='ocrx_word' id='word_1_201' title='bbox 533 4319 608 4367; x_wconf 76' lang='grc' dir='ltr'>σωμα</span> <span class='ocrx_word' id='word_1_202' title='bbox 626 4297 752 4371; x_wconf 60' lang='lat' dir='ltr'><strong>tanuen</strong></span> <span class='ocrx_word' id='word_1_203' title='bbox 768 4326 820 4360; x_wconf 80' lang='grc' dir='ltr'><strong>των</strong></span> <span class='ocrx_word' id='word_1_204' title='bbox 840 4311 992 4380; x_wconf 69' lang='lat' dir='ltr'><strong>perunna.)</strong></span> <span class='ocrx_word' id='word_1_205' title='bbox 1034 4315 1120 4378; x_wconf 69' lang='lat' dir='ltr'><strong>Hinc</strong></span> <span class='ocrx_word' id='word_1_206' title='bbox 1142 4317 1287 4377; x_wconf 51' lang='lat' dir='ltr'><strong>Plautum</strong></span> <span class='ocrx_word' id='word_1_207' title='bbox 1322 4311 1394 4388; x_wconf 73' lang='lat' dir='ltr'><strong>„Tu</strong></span> 
     </span>
    </p>
   </div>
   <div class='ocr_carea' id='block_1_7' title="bbox 384 4402 1395 4600">
    <p class='ocr_par' dir='ltr' id='par_1_9' title="bbox 384 4402 1395 4600">
     <span class='ocr_line' id='line_1_29' title="bbox 385 4402 1395 4502; baseline 0.02 -43"><span class='ocrx_word' id='word_1_208' title='bbox 385 4402 480 4462; x_wconf 75' lang='lat' dir='ltr'><strong>istum</strong></span> <span class='ocrx_word' id='word_1_209' title='bbox 502 4405 633 4484; x_wconf 81' lang='lat' dir='ltr'><strong>gallum,</strong></span> <span class='ocrx_word' id='word_1_210' title='bbox 662 4409 689 4468; x_wconf 83' lang='lat' dir='ltr'><strong>si</strong></span> <span class='ocrx_word' id='word_1_211' title='bbox 712 4413 814 4494; x_wconf 83' lang='lat' dir='ltr'><strong>sapis,</strong></span> <span class='ocrx_word' id='word_1_212' title='bbox 841 4417 1030 4495; x_wconf 75' lang='lat' dir='ltr'><strong>glabriorem</strong></span> <span class='ocrx_word' id='word_1_213' title='bbox 1049 4422 1162 4484; x_wconf 76' lang='lat' dir='ltr'><strong>reddes</strong></span> <span class='ocrx_word' id='word_1_214' title='bbox 1177 4421 1273 4498; x_wconf 89' lang='lat' dir='ltr'><strong>mihi,</strong></span> <span class='ocrx_word' id='word_1_215' title='bbox 1303 4435 1395 4502; x_wconf 79' lang='lat' dir='ltr'><strong>quem</strong></span> 
     </span>
     <span class='ocr_line' id='line_1_30' title="bbox 384 4505 957 4600; baseline 0.033 -37"><span class='ocrx_word' id='word_1_216' title='bbox 384 4505 488 4566; x_wconf 86' lang='lat' dir='ltr'><strong>volsus</strong></span> <span class='ocrx_word' id='word_1_217' title='bbox 502 4505 601 4568; x_wconf 86' lang='lat' dir='ltr'><strong>ludin’</strong></span> <span class='ocrx_word' id='word_1_218' title='bbox 619 4516 697 4569; x_wconf 86' lang='lat' dir='ltr'><strong>est.“</strong></span> <span class='ocrx_word' id='word_1_219' title='bbox 715 4519 864 4597; x_wconf 79' lang='lat' dir='ltr'><strong>Aulula,</strong></span> <span class='ocrx_word' id='word_1_220' title='bbox 882 4541 911 4600; x_wconf 76' lang='lat'><strong>9,</strong></span> <span class='ocrx_word' id='word_1_221' title='bbox 928 4527 957 4584; x_wconf 87' lang='lat'><strong>5.</strong></span> 
     </span>
    </p>
   </div>
   <div class='ocr_carea' id='block_1_8' title="bbox 0 0 1528 5206">
    <p class='ocr_par' dir='ltr' id='par_1_10' title="bbox 0 0 1528 5206">
     <span class='ocr_line' id='line_1_31' title="bbox 0 0 1528 5206; baseline 0 0"><span class='ocrx_word' id='word_1_222' title='bbox 0 0 1528 5206; x_wconf 95' lang='lat' dir='ltr'><strong> </strong></span> 
     </span>
    </p>
   </div>
  </div>
 </body>
</html>
