2868 5200
305 551 350 618 68
711 561 800 611 ssr.
823 561 863 624 1.,
883 555 1029 608 sosas.

303 825 387 894 lieet
409 821 486 891 haec
512 817 655 912 legens,
697 839 780 887 cum
804 827 928 918 guttur
951 812 1140 898 collueris,
1172 811 1293 884 videos
1315 823 1376 879 cet.

303 981 383 1052 quae
406 967 467 1025 est
497 955 643 1046 antiqua
673 949 837 1054 Salmasii
870 939 1139 1042 interpretatio,
1170 969 1194 1016 a
1214 944 1377 1036 Koenigio

301 1094 404 1178 iure,
426 1099 467 1157 ut
484 1083 647 1176 videtur,
673 1085 774 1156 nullo
790 1082 1023 1177 reprehensa
1045 1182 1047 1190 Ι

377 1312 435 1376 so.
463 1289 638 1382 Ingentes
663 1286 768 1358 Titos
788 1285 976 1357 llioreilins
989 1281 1248 1376 Augustianos,
1279 1279 1380 1350 eudi-

215 1475 218 1482 ·
299 1439 399 1498 tores
424 1436 462 1494 et
487 1423 676 1516 plausores
702 1421 859 1491 Neronis
879 1419 996 1508 (Suet.
1013 1417 1099 1486 Ner.
1118 1435 1164 1485 so
1179 1425 1215 1484 et
1229 1409 1301 1508 25.)
1324 1413 1382 1482 in-

293 1558 442 1654 telligit,
468 1557 628 1646 quicum
644 1549 926 1638 „robustissimae
942 1555 1057 1617 essent
1070 1549 1298 1635 inventutis,“
1323 1546 1382 1614 in-

297 1703 427 1790 gentes
441 1688 630 1770 dicuntur,
657 1693 694 1752 et
713 1679 808 1766 Titi,
834 1681 932 1772 quod
952 1679 1093 1772 equites
1119 1681 1383 1776 pleriquesive,

298 1837 341 1896 nt
358 1825 408 1894 ait
421 1817 632 1902 Suetonius,
658 1813 936 1902 „adolescentuli
956 1813 1133 1907 equestris
1155 1813 1292 1882 ordinis
1301 1817 1334 1900 ,“
1355 1839 1386 1906 ta

301 1961 387 2030 Tiro
412 1953 539 2042 Tatio,
576 1948 794 2020 Sabinorum
814 1970 920 2040 rege,
962 1944 1061 2016 haud
1089 1968 1191 2016 secus
1211 1969 1252 2016 ae
1279 1946 1384 2032 „celsi

300 2086 507 2166 Rhamnes“
535 2083 724 2152 Horatiis
749 2083 913 2152 centuria
933 2082 1095 2174 equitum
1118 2081 1265 2152 Romuli
1283 2082 1386 2150 diee-

301 2227 443 2298 bantur.
490 2217 583 2287 Cum
597 2215 760 2310 qusestio,
785 2237 831 2284 an
845 2217 924 2285 loca
938 2217 1054 2288 Persii
1068 2217 1241 2288 nonnulla
1253 2216 1298 2285 ad
1310 2215 1387 2286 Ne-

300 2379 429 2432 ronem
443 2318 660 2444 pe‘rfinaanr,
686 2369 759 2417 non
777 2349 838 2436 its,
863 2360 904 2418 ut
922 2352 1192 2420 commentariis
1207 2351 1389 2442 plerisque

156 2513 186 2590 g
239 2512 240 2520 Ν
300 2485 566 2564 mansorius
583 2483 765 2569 visson.
782 2485 827 2554 as
846 2483 1024 2576 liquidum
1044 2461 1389 2578 possessionis

300 2634 400 2696 tanto
422 2621 541 2690 nrinua
564 2617 625 2696 illa
646 2618 782 2710 antiqui
803 2619 1015 2712 interpretis
1038 2617 1241 2690 observatio
1262 2593 1390 2688 suisset

300 2753 563 2853 pretereunda.

377 2977 434 3030 ao.
464 2953 521 3024 25.
544 2903 693 3023 l'etule.
732 2952 852 3022 Senex
866 2947 1013 3045 quidem
1027 2951 1064 3022 in
1078 2951 1224 3046 antiqua
1237 2977 1391 3030 comae,-

296 3093 361 3177 ,dia
383 3101 435 3162 est
455 3085 645 3172 credulus,
679 3082 891 3173 obliviosus,
930 3083 1091 3158 stolidus.
1165 3089 1231 3178 „ln
1258 3086 1392 3157 sabulis

301 3224 507 3298 stultissima
526 3243 684 3312 persona
704 3231 758 3290 est
778 3219 1073 3318 improvidorum
1095 3233 1132 3292 et
1154 3223 1393 3318 credulorpm

247 3433 253 3456 κ
300 3351 462 3430 senum.“
501 3349 676 3424 CiaLeel.
697 3354 754 3423 26.
795 3357 929 3426 Senum
944 3356 1062 3428 varias
1074 3380 1269 3448 personas,
1295 3383 1394 3450 qua·

298 3493 352 3562 los
376 3489 415 3557 in
437 3509 506 3554 usu
529 3481 680 3556 suerunt
701 3487 799 3578 apud
818 3499 959 3559 veteres
980 3491 1157 3577 comicos,
1197 3492 1395 3580 descripsit

201 3627 210 3638 '
300 3623 459 3715 Scaliger
479 3619 627 3732 Poletioa
654 3641 693 3709 1,
721 3621 779 3699 14.
841 3619 982 3694 Verum
1003 3615 1177 3694 vocabulo
1197 3623 1349 3708 vetuli,
1371 3651 1395 3694 a

301 3755 448 3852 „vetus“
470 3777 539 3848 per
554 3755 798 3848 contemptum
813 3754 987 3843 formato,
1012 3754 1112 3826 aliud
1125 3757 1215 3826 senii
1229 3769 1266 3828 et
1278 3758 1396 3830 stoli-

301 3879 420 3992 ditatis
434 3913 545 3986 genus
559 3893 723 3984 spectari,
748 3890 846 3984 quod
859 3887 1032 3958 nimirum
1045 3887 1211 3962 homines
1227 3893 1396 3964 dissolu-

300 4039 355 4096 tos
369 4038 404 4098 et
419 4005 627 4098 libidinosos
642 4036 723 4098 ante
740 4025 837 4094 diem
850 4031 1009 4112 enervat,
1033 3986 1106 4095 iim
1119 4027 1166 4096 ad
1178 4052 1304 4100 vocem
1321 4029 1396 4099 σαὶ

300 4159 429 4270 nitienr
443 4185 475 4230 v.
493 4183 526 4251 9.
544 4125 697 4249 dictum,
722 4169 758 4228 et
776 4155 812 4227 h.
830 4156 854 4227 l.
875 4169 1058 4230 ostensum
1081 4171 1135 4230 est
1155 4163 1394 4235 aPossovvio.

244 4291 249 4300 ’
298 4291 398 4364 illam
414 4291 586 4360 nimirrun
601 4293 917 4385 significationem,
941 4295 1068 4364 lexicis
1090 4296 1267 4388 ignotam,
1293 4320 1396 4388 pro-

298 4427 396 4498 bavit
408 4421 497 4494 locis
514 4427 659 4494 Patron.
679 4427 735 4496 28.
760 4451 877 4519 „puer
891 4428 1045 4516 vetulus,
1065 4427 1221 4522 lippus,“
1235 4431 1398 4500 etlllar-

228 4535 231 4546 ⁵
297 4560 370 4632 tial.
395 4581 435 4649 1,
460 4561 527 4646 is,
558 4557 612 4626 15.
648 4557 784 4644 ‚,bucca
805 4557 918 4633 vetuli
932 4561 1065 4656 loquax
1082 4563 1249 4635 cinaedi.“
1301 4563 1397 4654 Quo
