3046 5206
581 431 862 544 s.er31ar.',59.·
1111 485 1123 502 ··
1183 456 1252 526 542

967 575 971 592 .
1127 565 1185 595 f.

159 685 197 795 ὀ.
214 727 249 796 4.
266 723 312 794 ad
323 747 431 816 quern
449 721 700 794 illustrandum
720 723 830 796 verba
843 725 959 796 Persii
978 727 1100 797 citavit
1115 727 1256 801 Salma-

167 861 259 945 sius,
279 867 317 929 et
342 859 404 952 qui
427 859 585 931 vicissim
614 859 660 928 ed
681 881 723 928 ea
745 859 956 952 exponenda
979 860 1082 935 facit:
1122 862 1255 946 „Unde
1338 877 1340 885 ’

166 993 263 1086 apud
282 991 420 1085 aliquos
445 981 637 1090 Numidas,
671 993 779 1064 etiam
799 994 900 1087 equis
924 996 1145 1084 caesariatos,
1176 992 1254 1091 (qui

164 1151 240 1208 non
262 1127 379 1200 solnm
401 1127 589 1220 propriam
609 1126 708 1197 alum
723 1130 926 1218 caesariem,
951 1153 1078 1202 verum
1101 1134 1254 1224 insuper
1386 1220 1390 1231 s

164 1262 306 1358 equinis
330 1263 451 1333 caudis
478 1272 539 1331 ant
559 1261 653 1330 iubis
675 1261 847 1332 eaesariati
871 1241 1125 1360 cristatiquet)
1147 1267 1252 1336 ince-

164 1393 267 1500 dunt.)
279 1395 380 1468 tanta
395 1406 513 1504 entem
527 1407 652 1471 tonsor
660 1394 838 1488 (toarsnra)
845 1407 881 1468 et
894 1395 1000 1468 cultri
1015 1409 1140 1474 vertex
1154 1397 1251 1474 solus

163 1523 386 1600 immnnls'l“
411 1530 530 1602 Taxat
544 1517 672 1602 in'suts
687 1527 1038 1624 Carthaginiensibus
1054 1543 1252 1604 consuetu·
1329 1611 1333 1622 ¹

163 1666 286 1740 dinem
300 1663 547 1738 delicatiorum
559 1663 790 1751 Graecorum,
815 1666 913 1760 qnod
928 1677 1063 1759 praeter
1077 1666 1251 1738 verticem

164 1769 287 1868 omnia
299 1795 538 1874 circumtonsa
550 1809 591 1872 st
603 1781 755 1874 strictim
777 1821 858 1869 rasa
872 1811 998 1872 essent.
1050 1799 1140 1870 Haec
1160 1825 1247 1872 vero

162 1934 207 2003 ed
220 1933 423 2027 palaestram
437 1931 643 2024 pertinere,
674 1955 719 2004 ex
740 1933 966 2028 sequentibus
989 1947 1157 2028 apparet,
1184 1935 1248 2006 nbi

160 2067 341 2161 „xysticas
354 2065 568 2138 munditias
584 2067 628 2134 iis
643 2067 847 2160 exprobrat
893 2067 1051 2142 Eosdem
1066 2067 1245 2162 palaestri-

159 2225 222 2270 eos
236 2222 381 2292 quoquo
394 2198 548 2292 depilari
562 2201 602 2268 in
621 2199 771 2294 reliquis
786 2203 950 2294 eorporis
961 2204 1134 2294 partibus,
1148 2203 1245 2274 idem

158 2317 336 2428 significat
360 2333 479 2406 verbis
507 2333 674 2426 proxime
701 2335 950 2428 sequentibus:
992 2336 1123 2425 „Unde
1147 2306 1251 2428 apud

155 2471 271 2546 hirtos
287 2479 325 2544 et
336 2467 494 2542 hirsutos
511 2478 582 2546 tam
597 2491 710 2560 rapax
727 2491 749 2538 a
769 2468 855 2576 culox
874 2471 1011 2557 resina,
1040 2481 1113 2560 tam
1136 2471 1244 2550 furax

156 2615 310 2682 amento
326 2595 527 2677 volsella'l“
561 2603 610 2674 Et
628 2601 698 2672 hoc
723 2601 876 2699 depilari
902 2625 943 2670 ac
960 2601 1044 2674 velli
1065 2604 1243 2694 ,mysticas

154 2737 368 2814 nrunditias“
387 2733 636 2806 Tertullianus
650 2746 764 2820 vocat,
790 2733 889 2824 qnod
903 2733 1001 2804 huno
1015 2730 1243 2820 mhremlta*

156 2875 285 2942 berent
299 2867 462 2938 homines
479 2877 583 2959 xysto
600 2877 636 2936 ct
648 2865 825 2958 palaestrae
841 2865 969 2968 dediti,
1002 2866 1111 2958 idque
1135 2867 1241 2936 etiarn
1351 2881 1355 2888 ·

56 3066 58 3075 ,
155 3007 195 3078 in
210 3001 330 3074 medio
344 2999 552 3094 gymnasio,
583 2999 650 3074 sub
667 2999 828 3072 omnium
847 2999 969 3070 oeulis.
1019 2999 1146 3105 Fiebat
1162 2999 1201 3075 id
1221 3023 1243 3068 a

149 3133 397 3238 palaestritis,
425 3133 486 3226 qni
501 3131 650 3207 atlrletas
667 3133 706 3204 in
719 3131 915 3226 gymnasiis
929 3133 1111 3227 ungebant
1124 3145 1160 3204 et
1175 3158 1237 3204 re-

152 3275 233 3344 sina
258 3267 458 3360 levigabant
486 3263 554 3338 dcc.
620 3270 692 3340 Ista
709 3284 800 3342 vero
826 3269 864 3338 in
886 3265 1240 3362 Carthaginiensibus

153 3405 270 3498 carpit
294 3399 554 3490 Tertullianus,
587 3403 672 3496 qnia
702 3411 778 3474 tum
802 3425 928 3475 reeens
950 3403 1071 3476 donati
1094 3402 1238 3498 pythico

154 3563 268 3634 agone
288 3537 333 3608 ab
355 3537 575 3638 imperatore
597 3503 766 3624 Severo,
791 3537 851 3608 illa
878 3539 999 3610 omnin
1021 3537 1238 3622 lectitabant,

153 3699 233 3768 quae
247 3675 327 3781 lieri
344 3671 448 3742 solita
464 3673 508 3742 ab
523 3669 666 3742 athletis
681 3671 718 3748 in
734 3673 889 3744 Graecia.
942 3676 1067 3764 Quare
1081 3693 1238 3767 gymna-

151 3809 229 3878 stici
245 3818 280 3876 et
302 3807 430 3899 xystici
449 3807 546 3898 apud
572 3775 884 3898 Carthaginienses
906 3809 1013 3878 etiam
1035 3782 1241 3901 pilabantud

152 3947 188 4012 ot
202 3933 442 4023 vellebantur,
465 3949 505 4007 nt
525 3937 666 4025 Graeci,
689 3964 771 4012 eum
794 3953 915 4010 tamen
937 3963 1010 4010 non
1033 3947 1165 4023 essent,
1198 3949 1237 4006 ut

151 4075 215 4164 illi,
239 4071 385 4167 palliati.
437 4069 534 4142 Hinc
548 4069 662 4142 addit:
689 4071 812 4164 „Quid
827 4073 892 4143 tibi
909 4069 1026 4165 Libya
1038 4083 1073 4141 et
1086 4065 1235 4164 Ernopa

149 4265 444 4288 μ*

169 4382 199 4464 *)
228 4379 345 4462 „Equis
362 4380 552 4457 notariatus,
574 4379 594 4440 i.
609 4403 635 4442 e.
649 4379 763 4462 quibus
777 4383 890 4465 aqrrina
905 4383 943 4447 sd
960 4384 1075 4464 galeam
1094 4396 1159 4448 crat
1173 4405 1235 4447 cas·

229 4486 352 4568 sar-iestf‘
373 4487 398 4548 1.
415 4489 446 4548 S.
464 4489 585 4556 Senrler
601 4485 635 4550 iu
650 4486 829 4553 Latinitatis
846 4483 1066 4554 Tertullianess
1084 4491 1196 4552 indice.
