3046 5206
507 785 851 992 sumna
915 883 1060 1044 ¹ru

89 1145 99 1163 '
218 1101 388 1226 Persius
405 1137 472 1207 sub
489 1157 646 1230 persona
660 1133 835 1222 Socratis,
863 1135 1082 1209 Alcibiadem
1099 1135 1307 1229 repreben⁴

219 1269 353 1361 dentis,
377 1271 543 1364 increpat
565 1267 848 1358 adolescentem,
873 1271 937 1364 qui
957 1271 1059 1342 rudis
1081 1282 1119 1340 et
1141 1293 1219 1340 sese
1239 1295 1306 1340 re-

218 1407 325 1502 gendi
341 1405 531 1500 imperitus
545 1427 624 1476 rem
639 1403 823 1496 publicam
836 1407 966 1500 regere
987 1401 1199 1496 susceperit,
1224 1400 1307 1510 torf·
1363 1375 1369 1399 ’

218 1565 287 1646 mae
302 1551 338 1612 et
353 1539 547 1612 nobilitatis
562 1562 637 1610 suae
655 1539 892 1610 ostentatione
907 1539 1059 1612 inflatus.
1097 1537 1307 1632 Sequuntur

120 1699 124 1712 ¹
217 1673 289 1746 loci
303 1697 513 1748 crumuunes
529 1675 574 1746 de
584 1673 741 1744 bominis
757 1674 814 1744 sui
829 1669 941 1765 ipsius
952 1672 1157 1766 ignorantia
1171 1682 1208 1742 et
1220 1671 1306 1742 iude

216 1819 299 1896 nota
316 1806 406 1878 alios
420 1806 637 1880 criminandi
652 1807 822 1898 libidine,
853 1829 960 1902 quem
976 1807 1074 1879 uelut
1088 1805 1200 1879 oculis
1214 1829 1306 1877 cou-

84 1973 88 1978 ·
215 1943 437 2036 spicieudam
460 1942 602 2036 praebet
619 1941 803 2036 exemplis.
856 1941 913 2016 An
930 1939 1116 2014 Neronem
1140 1937 1307 2010 subtilius

216 2075 450 2168 descripserit
464 2086 589 2168 pects,
619 2099 701 2146 cum
716 2100 800 2148 eum
817 2087 942 2170 aperte
959 2076 1127 2148 insectari
1143 2099 1216 2148 non
1233 2099 1303 2146 au-

215 2235 276 2282 sus
291 2220 402 2296 esset,
427 2209 471 2280 ab
486 2209 745 2302 interpretibus
762 2221 925 2328 ¹uocatum
944 2221 999 2279 est
1015 2195 1057 2276 'iu
1072 2208 1302 2302 disceptatio·

211 2367 319 2434 nem,
345 2365 450 2438 quam
466 2347 544 2436 ipsa
561 2341 685 2414 lorsam
705 2343 898 2434 descriptio
913 2341 1103 2412 discernet.

286 2569 317 2616 1.
345 2565 378 2613 a.
401 2519 526 2615 ,Rem
547 2542 679 2638 populi
696 2554 841 2613 tractos
856 2535 925 2613 &c
978 2509 1107 2630 Qualis
1119 2541 1214 2612 iuter
1227 2543 1300 2612 So*

210 2687 347 2750 cratem
363 2687 400 2748 et
414 2674 635 2746 Alcibiadem
650 2675 891 2747 intercesserit
913 2674 1155 2761 consuetudo,
1186 2674 1300 2744 disci-
1367 2755 1373 2774 ι

209 2833 293 2881 mets
307 2833 353 2878 ex
368 2805 574 2879 Plutarcho.
590 2805 626 2897 *)
678 2807 872 2880 Veteribus
890 2811 929 2880 in
944 2777 1047 2882 liblis
1065 2829 1139 2880 non
1152 2809 1219 2914 lroo
1233 2809 1299 2878 sed
1413 2858 1414 2867 1

211 2945 339 3033 ,desed‘
354 2941 479 3032 legunt
495 2941 688 3012 'l'urnebus
703 2951 739 3012 et
752 2941 924 3015 Pithoeus
933 2969 945 3036 3
969 2945 1018 3014 ita
1033 2953 1069 3014 ct
1082 2943 1201 3014 Haun.
1217 2966 1248 3014 ι.
1264 2951 1301 3013 et
1336 3007 1341 3012 .

140 3063 146 3086 ¹
211 3077 471 3169 Husumcusis3
503 3073 701 3144 sedHuun.
726 3097 760 3152 a.
785 3075 818 3146 5.
849 3078 882 3146 ci.
908 3083 942 3148 5.
964 3077 997 3148 6.
1022 3077 1187 3171 plerique
1202 3076 1299 3170 apud

209 3209 470 3295 Achaintrium,
495 3207 696 3301 Tiguriuus
711 3220 748 3279 et
763 3207 1051 3285 Chemnicensis:
1077 3213 1154 3286 lsoc.
1186 3213 1298 3288 luve-

211 3366 507 3416 ...din—d·—

228 3547 256 3624 '')
289 3547 508 3626 „Alcibiadem
531 3547 593 3614 ism
618 3571 751 3632 puerum
775 3552 904 3618 videbat
920 3555 1062 3616 Socrates
1082 3537 1263 3635 occupatum
1278 3571 1300 3611 ι
1376 3581 1380 3593 ·

291 3657 383 3718 turba
410 3655 550 3734 civium,
582 3655 759 3736 hospitum,
786 3659 1055 3735 commilitonum,
1089 3659 1142 3738 qui
1167 3655 1296 3730 divitiis,

293 3759 453 3838 dignitate,
468 3761 657 3838 adulatione,
677 3761 836 3844 gratiaque
855 3766 993 3827 animum
1007 3765 1074 3828 eius
1088 3761 1297 3823 alliciebant.“

294 3863 451 3923 Plutarch.
460 3865 563 3926 Alcib.
572 3869 601 3928 4.
615 3875 647 3927 et
659 3866 761 3945 paullo
776 3879 862 3947 post:
880 3870 973 3948 „Qui
987 3889 1059 3932 oum
1076 3865 1296 3947 depravabant,

293 3963 497 4030 ambitionem
516 3969 583 4032 eius
600 3980 631 4032 et
645 3969 752 4050 gloriar
772 3971 972 4052 cupiditatem
992 3969 1203 4050 multomagis
1221 3991 1296 4050 cap·
1335 4040 1339 4051 Ι

293 4069 416 4145 tabant,
437 4073 657 4160 persuadentes
673 4073 760 4148 tore,
781 4085 816 4136 ut
838 4097 928 4156 quam
953 4077 1172 4158 primumrcm
1186 4077 1294 4160 publi·
1337 4127 1344 4138 .

294 4193 361 4233 cam
377 4191 486 4251 gerere
502 4177 669 4256 coepisset,
695 4177 798 4242 stetim
823 4201 885 4242 non
910 4183 1043 4260 eliorum
1059 4183 1151 4266 modo
1170 4181 1292 4258 ducum,

291 4278 345 4340 scd
362 4277 459 4358 ipsius
477 4301 599 4362 quoquc
616 4285 745 4348 Periclis
762 4288 929 4368 potentiam
945 4287 1162 4368 apudGraeeos
1177 4295 1208 4346 et
1224 4287 1293 4367 glo-

289 4383 369 4446 riam
383 4404 438 4446 sua
451 4385 664 4449 obscurstctf‘
685 4411 710 4449 c.
727 4393 756 4452 6.
