3052 5202
575 447 664 502 sir.
693 449 750 512 η,
777 427 834 496 65.
849 427 907 498 66.
1222 391 1319 506 251⁴

208 703 426 774 balneorum
457 703 715 796 spargebantur
744 713 935 794 unguento.
988 705 1040 774 Et
1069 703 1144 776 Cal.
1178 709 1291 781 codd.

209 836 332 908 Hsuu.
348 859 507 909 sexeum
522 835 684 942 Pitlroeo.
712 837 829 926 „Haee
843 837 944 908 Cal.“
965 833 1087 906 Haun.
1108 859 1137 907 1.
1159 832 1296 932 Tig.'et

206 967 366 1042 Aebaiut
384 993 467 1042 cum
480 971 663 1042 Passowio
680 981 717 1040 et
731 969 884 1042 Orellio.
939 969 1142 1042 Calabrum
1165 971 1292 1058 velius.

205 1102 390 1190 „Calabrae
413 1129 497 1212 oves
517 1103 695 1176 eximiae.“
727 1097 899 1176 colunsl.
923 1129 957 1198 7,
976 1130 1007 1176 a.
1030 1107 1197 1202 inprimis
1213 1109 1293 1180 Te-

204 1238 375 1326 rentinae,
400 1241 492 1312 Plin.
508 1231 557 1306 H.
575 1235 619 1308 N.
638 1239 672 1324 8,
688 1239 745 1304 48.
771 1236 864 1308 Hor.
878 1239 945 1332 Ep.
963 1259 998 1326 s,
1019 1264 1050 1329 1,
1068 1261 1148 1332 207.
1189 1243 1292 1316 Lana

203 1369 270 1440 illa
289 1373 426 1466 φώκη
459 1370 683 1442 inficiebatur
707 1369 849 1464 liquore
873 1395 893 1440 o
914 1372 1072 1459 murice,
1111 1385 1147 1443 et
1169 1378 1290 1446 colore

202 1525 396 1596 purpureo
427 1507 644 1598 tingebatur,
689 1525 762 1602 quo
789 1473 900 1598 genus
928 1503 999 1575 hoc
1018 1508 1292 1602 conchyliorum
1381 1525 1384 1532 “

203 1637 405 1711 vitiabitur.
455 1641 553 1712 Idem
574 1637 776 1710 sentiebant
798 1636 1087 1727 Lacedaemonii,
1111 1643 1173 1734 qui
1200 1652 1289 1714 teste

201 1769 376 1856 Athenaeo
393 1776 557 1868 eSpertn
577 1774 765 1844 eiecerunt
781 1771 1008 1858 conficientes
1028 1778 1223 1868 unguente,
1248 1787 1289 1846 ut

200 1906 263 2000 qui
282 1909 401 1982 oleum
414 1909 612 2002 perderent
623 1917 676 1987 (cis
694 1915 979 1990 tiasensium
996 1915 1152 1988 estam)
1169 1921 1207 1980 ei
1228 1910 1287 1978 lu.-

199 2063 284 2112 nam
308 2034 507 2134 tingentes,
551 2053 592 2112 ut
619 2044 681 2134 qui
707 2045 902 2115 eandorem
932 2041 1027 2116 larue
1055 2043 1288 2146 obliterarent

200 2184 256 2252 (sis
279 2185 521 2257 demostenes
546 2209 606 2256 την
633 2186 831 2260 tunsum
852 2208 920 2248 sus·
942 2188 1072 2260 iosos).
1109 2157 1284 2272 Delpnod.

204 2317 263 2397 15,
279 2313 336 2382 34.
355 2312 410 2384 ed
435 2311 630 2406 Sclrweigh.

207 2578 211 2594 ,
272 2511 329 2582 66.
355 2511 412 2608 67.
466 2511 614 2600 Bacca,
647 2517 798 2610 proprie
820 2517 961 2604 acinus,
985 2519 1075 2604 uva,
1106 2515 1282 2584 tudonem

194 2647 300 2734 etiam
321 2647 360 2718 in
379 2629 517 2719 boncba
534 2659 741 2718 nascentem
756 2661 908 2740 propter
921 2647 1194 2722 similitudinem
1210 2645 1281 2733 de-

194 2791 303 2852 notet.
356 2779 509 2852 Resisse
527 2790 588 2850 eut
611 2783 656 2848 dc
678 2781 893 2872 purgatione
916 2779 1068 2863 dictum,
1099 2799 1171 2868 qua
1191 2775 1282 2844 eutis

194 2917 253 2988 rel
267 2885 378 2986 callus
392 2913 462 3008 ipsi
476 2909 620 2982 unionis
636 2913 783 3006 corpori
805 2912 988 2983 abraditur
996 2963 1009 3000 ,
1034 2919 1097 2978 sut
1115 2909 1160 2980 de
1175 2905 1281 2978 arul-

192 3051 314 3137 sione,
344 3069 427 3120 otuu
444 3048 483 3116 in
499 3054 647 3128 senecta.
658 3067 880 3118 crassescens
895 3055 931 3116 et
945 3045 1090 3116 conchae
1108 3041 1279 3112 edissere·-
1350 3023 1359 3114 .
1439 3029 1447 3048 ”

193 3181 296 3253 scens
310 3207 383 3254 non
398 3181 466 3250 nisi
478 3179 564 3250 lima
579 3154 703 3270 potest
714 3177 881 3250 abstrahi.
933 3179 991 3250 De
1012 3145 1161 3272 utraque
1186 3197 1279 3272 ope-
1390 3206 1393 3219 ·

193 3315 334 3386 ratione
349 3313 485 3396 Plinius
499 3311 546 3384 H.
565 3311 608 3384 N.
623 3335 659 3404 9,
674 3311 732 3383 35.
750 3309 789 3398 ⁹)

110 3683 116 3706 ,
169 3687 174 3692 .
210 3633 244 3714 *)
275 3627 447 3697 Mulierum
480 3633 690 3694 Romanarum
721 3627 756 3693 in
782 3631 952 3696 unionibus
983 3631 1092 3694 luxum
1122 3603 1275 3694 deieribit

272 3737 357 3810 idern
378 3739 400 3801 l.
420 3761 450 3802 e.
478 3738 564 3814 „Hos
588 3734 694 3814 digitis
717 3737 926 3815 suspendere,
954 3759 990 3798 ac
1007 3737 1098 3796 binos
1114 3745 1273 3794 aeternos

272 3841 418 3918 auribus,
437 3841 625 3901 seminarum
642 3837 740 3916 glorie
755 3852 802 3900 cst
816 3882 824 3898 .
837 3883 850 3898 ..
866 3841 1004 3902 Crotuiiu
1020 3837 1192 3918 appeliant,
1214 3855 1272 3897 ceu

273 3937 350 4006 sonti
367 3965 488 4026 quoqne
503 3948 663 4024 gaudeant,
685 3951 715 4002 et
729 3943 842 4002 collisu
859 3943 926 4021 ipso
941 3940 1187 4018 margaritarum.
1212 3939 1273 4000 Af·

273 4053 451 4128 lectantquo
469 4050 529 4110 ium
544 4061 576 4110 ot
591 4067 743 4128 pauperes
762 4089 793 4110 ..
817 4046 893 4125 quin
907 4045 1102 4125 etpedibus,
1129 4063 1186 4106 uec
1200 4065 1270 4107 ere·

271 4154 416 4235 pidnrum
443 4161 560 4214 tantum
583 4151 806 4232 obstrangsdis,
830 4151 886 4223 sed
904 4149 977 4210 totis
999 4148 1129 4212 socculis
1144 4151 1268 4218 addunt.

270 4261 382 4338 Neque
398 4257 481 4318 eninr
498 4265 618 4336 gestare
634 4257 699 4320 ism
713 4255 894 4336 margaritas
902 4299 911 4332 ,
932 4255 993 4316 nisi
1008 4255 1141 4334 calcent,
1161 4277 1197 4320 ac
1211 4279 1268 4340 per

268 4363 401 4426 curiones
416 4362 509 4424 etiarn
527 4363 703 4442 ambulent,
730 4363 804 4424 satis
817 4367 890 4424 ἐπέ(
931 4367 972 4433 Et
987 4336 1173 4434 ¹serol’ersii
1190 4363 1268 4448 pro·

266 4469 338 4550 pior
356 4475 490 4532 Seneca:
527 4469 649 4547 „Video
667 4469 817 4546 ustiones,
837 4491 899 4533 non
915 4471 1059 4555 singulos,
1069 4473 1198 4553 singulis
1209 4489 1267 4530 au·
1381 4519 1383 4526 .
