2938 5208
498 443 583 494 situ.
604 444 679 506 vn,
704 431 762 514 47.
1109 435 1181 518 529

855 569 1182 616 ..Ἴ-...-

102 700 335 784 oonsueyisse.
363 699 511 769 Tacitus
531 695 662 773 Annei.
688 718 722 787 2,
746 699 810 774 41:
843 697 979 788 „Vecta
995 702 1107 792 spolia
1124 703 1183 784 ¹(in

102 833 283 926 triumpho
308 831 536 916 Germanici)
558 832 751 904 simulacro
765 834 959 920 montium,
983 834 1184 915 fluminum,

101 969 345 1060 praeliorum.“
372 967 523 1040 Ovidius
538 967 648 1038 Trist.
659 947 738 1056 4,⁵s,
750 969 782 1036 3.
801 967 846 1040 de
862 966 1047 1060 triumpho
1055 969 1185 1038 Drusi:

101 1103 196 1190 „Hic
210 1101 336 1190 loom,
367 1100 407 1171 hi
428 1111 584 1188 montes,
608 1098 687 1170 haeo
709 1110 762 1172 tot
786 1103 943 1188 castello,
976 1111 1029 1172 tot
1050 1123 1187 1188 omues,

103 1233 214 1306 Pleno
228 1233 316 1304 serae
331 1236 458 1322 raedis,
481 1233 590 1327 plens
604 1235 745 1306 cruoris
758 1237 894 1306 erant.“
930 1237 1052 1327 Ipsum
1066 1237 1186 1308 Rheni

103 1369 331 1440 simulacrum
346 1370 425 1440 eius
439 1391 582 1460 pompae
596 1391 680 1460 pers
694 1369 762 1440 suit
776 1393 809 1442 v.
827 1369 885 1439 41.
910 1369 1113 1454 „Comibus
1129 1369 1187 1436 hic

103 1501 242 1590 stactis,
267 1503 377 1574 viridi
397 1501 491 1572 male
513 1513 626 1572 tectus
648 1505 692 1575 ab
713 1504 813 1590 ulus,
838 1469 999 1575 Decolor
1020 1503 1098 1592 ipse
1121 1523 1187 1570 suo

103 1637 275 1730 sun'guine
293 1637 444 1708 Rhenus
461 1639 575 1706 erut.“
603 1639 765 1732 lusignes
780 1637 952 1708 nimirum
970 1634 1070 1706 lluvii
1085 1633 1188 1702 lere·-

105 1771 235 1841 bantur
251 1771 289 1840 in
306 1793 438 1864 pompa
457 1771 683 1866 triumphali,
708 1772 827 1865 specie
842 1771 1031 1844 hominum
1045 1766 1188 1860 depicti.

104 1903 201 1974 llinc
226 1905 378 1978 Ovidius
400 1889 504 1976 Ponti
531 1905 565 1990 5,
589 1911 624 1993 4,
650 1929 728 1994 ¹07·
755 1905 887 1994 Liviae,
912 1903 1019 1978 metri
1036 1899 1189 1983 Tiberii,
1218 1995 1223 2003 ἱ

104 2041 309 2127 vaticinans,
330 2039 411 2109 sore
426 2049 466 2108 ut
478 2039 600 2110 Caesar
615 2037 769 2110 alterum
786 2040 1010 2132 triumphum
1026 2037 1071 2106 de
1088 2033 1190 2104 Ger·-

36 2256 44 2271 Ι
102 2175 224 2255 ruanis
245 2173 347 2245 brevi
372 2183 627 2266 consequatur,
648 2175 750 2266 fingit
762 2173 932 2246 Rhenum
949 2173 1050 2266 pingi
1066 2181 1106 2239 ut
1118 2169 1191 2238 ho-

102 2307 238 2380 minem
266 2307 485 2398 squalidum,
533 2319 735 2414 portantem
764 2308 884 2378 crines
922 2305 1101 2376 immissos
1124 2299 1191 2370 sub

101 2441 219 2511 sraela
241 2440 438 2524 arundine,
463 2441 507 2563 apl
529 2441 740 2512 seruitutem
754 2439 1000 2532 iudicandam,
1026 2447 1063 2508 et
1083 2455 1192 2526 equas

101 2575 277 2668 sanguiue
295 2575 428 2660 mistas,
446 2583 488 2643 ut
502 2573 764 2659 ostenderetur,
788 2574 919 2644 editam
935 2593 1014 2640 esse
1028 2567 1193 2660 niognsm

103 2707 375 2778 Germanorum
401 2713 568 2796 stragem.
633 2703 818 2774 Locorum
840 2703 1069 2770 subactorum
1092 2697 1194 2766 llurii
1304 2787 1307 2800 Ι

105 2837 241 2910 catenis
255 2836 394 2906 iniectis
412 2835 643 2916 serebantur„
679 2833 786 2904 Unde
801 2833 1012 2924 Propertius
1031 2851 1065 2918 2,
1085 2851 1117 2914 1,
1135 2829 1157 2898 5
1164 2853 1193 2896 ι.

106 2967 205 3058 „Aut
232 2991 398 3038 cunerem
424 2967 640 3059 AEgyptum,
662 2977 699 3038 et
720 2966 863 3053 Nilum,
897 2987 990 3038 oum·
1000 2975 1134 3036 tremus
1155 2962 1196 3030 in

107 3104 265 3188 Urbem,
290 3102 434 3192 Septem
448 3101 595 3198 cuptiuis
617 3099 744 3172 debilis
764 3099 839 3170 ibat
860 3097 999 3192 equis.“
1044 3095 1137 3167 Num
1156 3095 1196 3167 iu

106 3241 177 3332 huo
196 3259 340 3330 pompeo
361 3236 584 3308 traductione
599 3235 699 3308 llurii
713 3234 841 3306 iisdem
856 3232 972 3317 ostiis,
997 3240 1086 3324 quot
1098 3229 1196 3300 llus-

109 3381 213 3458 rent,
236 3331 541 3446 describebantur·
576 3368 713 3442 Plinius
726 3369 832 3440 etism
847 3366 1068 3441 devictorum
1086 3362 1197 3454 oppi-

109 3509 243 3578 dorum
271 3515 307 3574 et
337 3502 526 3573 fluminum
548 3503 720 3598 imagines
742 3501 1021 3594 triumphantem
1043 3497 1197 3570 Balbum

108 3651 274 3726 secutas,
298 3647 336 3708 et
355 3635 502 3728 singulis
525 3633 920 3729 triumphi'simulaeris
935 3633 1057 3706 titulos
1074 3631 1199 3700 affixos

108 3772 238 3860 fuisso,
256 3772 360 3842 docet
377 3769 426 3840 H.
440 3769 485 3841 N.
499 3771 533 3859 5,
548 3777 581 3846 5.
608 3771 698 3843 Haec
716 3773 837 3842 omnia
853 3769 1003 3842 Milonis
1019 3765 1198 3849 Coesoniu,

109 3931 209 3978 uxor
226 3902 397 3998 Caligulae
419 3899 477 3997 (de
499 3926 571 3997 qus
589 3875 738 3976 'sueton
763 3905 840 3978 cat
858 3905 916 3974 25.
940 3903 1013 3974 Dio
1025 3883 1121 3972 Cttss'⁴
1139 3904 1198 3988 59,

113 4043 175 4112 23.
186 4038 260 4134 28.)
274 4039 372 4110 locat
380 4061 394 4127 ,⁰
418 4039 515 4129 quod
531 4063 603 4111 uon
619 4052 687 4110 est:
714 4033 1200 4132 „disp0nit,accom1nodet,“

112 4185 156 4243 ut
191 4173 358 4266 plerique
406 4173 623 4262 interpretes
665 4152 892 4266 opimentum¹
929 4193 1013 4240 nam
1039 4173 1200 4254 deerant,

112 4333 197 4400 quae
214 4356 217 4370 .
233 4307 456 4398 disponenda
491 4316 527 4374 et
565 4307 713 4398 captivis
749 4305 1047 4390 necommodanda
1085 4313 1209 4376 erumv
1260 4364 1266 4401 Ι

113 4442 303 4528 Caesoriioe,
328 4437 427 4531 quod
443 4439 912 4544 scite-obserravitKoenig,
926 4441 1076 4514 deerunt
1088 4463 1201 4524 ormo,

965 4543 1004 4603 34
