<?xml version="1.0" encoding="UTF-8"?>
<!DOCTYPE html PUBLIC "-//W3C//DTD XHTML 1.0 Transitional//EN"
    "http://www.w3.org/TR/xhtml1/DTD/xhtml1-transitional.dtd">
<html xmlns="http://www.w3.org/1999/xhtml" xml:lang="en" lang="en">
 <head>
  <title>
</title>
<meta http-equiv="Content-Type" content="text/html;charset=utf-8" />
  <meta name='ocr-system' content='tesseract 3.04.00' />
  <meta name='ocr-capabilities' content='ocr_page ocr_carea ocr_par ocr_line ocrx_word'/>
</head>
<body>
  <div class='ocr_page' id='page_1' title='image "./satir00persgoog_0182.png"; bbox 0 0 2932 5206; ppageno 0'>
   <div class='ocr_carea' id='block_1_1' title="bbox 301 603 1374 870">
    <p class='ocr_par' dir='ltr' id='par_1_1' title="bbox 301 603 1374 870">
     <span class='ocr_line' id='line_1_1' title="bbox 303 603 1370 738; baseline 0 -28"><span class='ocrx_word' id='word_1_1' title='bbox 303 625 409 710; x_wconf 48' lang='lat' dir='ltr'><strong>retus¹</strong></span> <span class='ocrx_word' id='word_1_2' title='bbox 422 635 582 709; x_wconf 79' lang='lat' dir='ltr'>scholion</span> <span class='ocrx_word' id='word_1_3' title='bbox 602 637 647 703; x_wconf 86' lang='lat' dir='ltr'><strong>ad</strong></span> <span class='ocrx_word' id='word_1_4' title='bbox 655 603 944 738; x_wconf 76' lang='lat' dir='ltr'><strong>Aristophanem,</strong></span> <span class='ocrx_word' id='word_1_5' title='bbox 969 639 1216 707; x_wconf 85' lang='lat' dir='ltr'><strong>aCasanbono</strong></span> <span class='ocrx_word' id='word_1_6' title='bbox 1233 640 1370 710; x_wconf 85' lang='lat' dir='ltr'><strong>citatum.</strong></span> 
     </span>
     <span class='ocr_line' id='line_1_2' title="bbox 301 761 1374 870; baseline 0 -28"><span class='ocrx_word' id='word_1_7' title='bbox 301 769 418 848; x_wconf 83' lang='lat' dir='ltr'><strong>Multa</strong></span> <span class='ocrx_word' id='word_1_8' title='bbox 436 772 533 870; x_wconf 70' lang='lat' dir='ltr'><strong>apud</strong></span> <span class='ocrx_word' id='word_1_9' title='bbox 554 781 699 846; x_wconf 72' lang='lat' dir='ltr'><strong>ueteres</strong></span> <span class='ocrx_word' id='word_1_10' title='bbox 722 764 767 838; x_wconf 87' lang='lat' dir='ltr'><strong>‹le</strong></span> <span class='ocrx_word' id='word_1_11' title='bbox 788 771 865 840; x_wconf 87' lang='lat' dir='ltr'><strong>cius</strong></span> <span class='ocrx_word' id='word_1_12' title='bbox 887 771 1077 861; x_wconf 82' lang='lat' dir='ltr'><strong>ebrictate,</strong></span> <span class='ocrx_word' id='word_1_13' title='bbox 1111 793 1219 864; x_wconf 89' lang='lat' dir='ltr'><strong>qnam</strong></span> <span class='ocrx_word' id='word_1_14' title='bbox 1243 761 1374 864; x_wconf 72' lang='lat' dir='ltr'><strong>respicit</strong></span> 
     </span>
    </p>
   </div>
   <div class='ocr_carea' id='block_1_2' title="bbox 258 889 1373 1064">
    <p class='ocr_par' dir='ltr' id='par_1_2' title="bbox 258 889 1373 1064">
     <span class='ocr_line' id='line_1_3' title="bbox 258 889 1373 1004; baseline 0 -28"><span class='ocrx_word' id='word_1_15' title='bbox 258 925 259 928; x_wconf 72' lang='grc'>’</span> <span class='ocrx_word' id='word_1_16' title='bbox 301 904 477 998; x_wconf 76' lang='lat' dir='ltr'><strong>Horatius</strong></span> <span class='ocrx_word' id='word_1_17' title='bbox 492 889 561 996; x_wconf 80' lang='lat' dir='ltr'><strong>Ep.</strong></span> <span class='ocrx_word' id='word_1_18' title='bbox 584 925 615 993; x_wconf 88' lang='lat'><strong>1,</strong></span> <span class='ocrx_word' id='word_1_19' title='bbox 636 925 690 996; x_wconf 84' lang='lat'><strong>19,</strong></span> <span class='ocrx_word' id='word_1_20' title='bbox 711 927 740 972; x_wconf 91' lang='lat'><strong>1.</strong></span> <span class='ocrx_word' id='word_1_21' title='bbox 760 911 797 974; x_wconf 85' lang='lat' dir='ltr'><strong>ct</strong></span> <span class='ocrx_word' id='word_1_22' title='bbox 811 897 907 974; x_wconf 87' lang='lat' dir='ltr'><strong>ridc&#39;t</strong></span> <span class='ocrx_word' id='word_1_23' title='bbox 921 904 1177 1004; x_wconf 79' lang='lat' dir='ltr'><strong>Aristophanes</strong></span> <span class='ocrx_word' id='word_1_24' title='bbox 1194 907 1287 1000; x_wconf 86' lang='lat' dir='ltr'><strong>Equ.</strong></span> <span class='ocrx_word' id='word_1_25' title='bbox 1304 911 1373 1000; x_wconf 83' lang='lat'><strong>599.</strong></span> 
     </span>
     <span class='ocr_line' id='line_1_4' title="bbox 1229 1021 1238 1064; baseline 0 0"><span class='ocrx_word' id='word_1_26' title='bbox 1229 1021 1238 1064; x_wconf 81' lang='lat' dir='ltr'><strong>l</strong></span> 
     </span>
    </p>
   </div>
   <div class='ocr_carea' id='block_1_3' title="bbox 221 1131 1405 3155">
    <p class='ocr_par' dir='ltr' id='par_1_3' title="bbox 221 1131 1405 3155">
     <span class='ocr_line' id='line_1_5' title="bbox 306 1131 1374 1272; baseline 0.001 -24"><span class='ocrx_word' id='word_1_27' title='bbox 306 1179 309 1192; x_wconf 90' lang='lat'>&#39;</span> <span class='ocrx_word' id='word_1_28' title='bbox 380 1179 460 1248; x_wconf 74' lang='lat'><strong>124.</strong></span> <span class='ocrx_word' id='word_1_29' title='bbox 497 1131 678 1270; x_wconf 79' lang='lat' dir='ltr'><strong>Eupolis,</strong></span> <span class='ocrx_word' id='word_1_30' title='bbox 703 1149 946 1268; x_wconf 85' lang='lat' dir='ltr'><strong>Atheniensis,</strong></span> <span class='ocrx_word' id='word_1_31' title='bbox 970 1177 1099 1272; x_wconf 76' lang='lat' dir='ltr'><strong>priscae</strong></span> <span class='ocrx_word' id='word_1_32' title='bbox 1116 1179 1223 1250; x_wconf 86' lang='lat' dir='ltr'><strong>etiam</strong></span> <span class='ocrx_word' id='word_1_33' title='bbox 1238 1202 1374 1249; x_wconf 84' lang='lat' dir='ltr'><strong>comoe-</strong></span> 
     </span>
     <span class='ocr_line' id='line_1_6' title="bbox 271 1307 1375 1418; baseline -0.001 -38"><span class='ocrx_word' id='word_1_34' title='bbox 271 1331 273 1336; x_wconf 76' lang='grc'>’</span> <span class='ocrx_word' id='word_1_35' title='bbox 301 1311 369 1382; x_wconf 85' lang='lat' dir='ltr'><strong>diae</strong></span> <span class='ocrx_word' id='word_1_36' title='bbox 390 1320 499 1417; x_wconf 84' lang='lat' dir='ltr'><strong>poeta</strong></span> <span class='ocrx_word' id='word_1_37' title='bbox 525 1307 607 1390; x_wconf 64' lang='lat' dir='ltr'><strong>(ios</strong></span> <span class='ocrx_word' id='word_1_38' title='bbox 630 1338 689 1394; x_wconf 64' lang='lat' dir='ltr'><strong>&#39;t‘</strong></span> <span class='ocrx_word' id='word_1_39' title='bbox 715 1319 873 1396; x_wconf 61' lang='lat' dir='ltr'><strong>Atratus</strong></span> <span class='ocrx_word' id='word_1_40' title='bbox 901 1313 995 1394; x_wconf 47' lang='lat' dir='ltr'><strong>dicit,</strong></span> <span class='ocrx_word' id='word_1_41' title='bbox 1014 1311 1233 1412; x_wconf 80' lang='lat' dir='ltr'><strong>Cicero&#39;Ep.</strong></span> <span class='ocrx_word' id='word_1_42' title='bbox 1257 1311 1321 1418; x_wconf 52' lang='lat' dir='ltr'><strong>,Att</strong></span> <span class='ocrx_word' id='word_1_43' title='bbox 1344 1312 1375 1398; x_wconf 83' lang='lat'><strong>6,</strong></span> 
     </span>
     <span class='ocr_line' id='line_1_7' title="bbox 304 1445 1376 1537; baseline -0.002 -20"><span class='ocrx_word' id='word_1_44' title='bbox 304 1445 357 1536; x_wconf 86' lang='lat'><strong>1.)</strong></span> <span class='ocrx_word' id='word_1_45' title='bbox 383 1469 490 1536; x_wconf 90' lang='lat' dir='ltr'><strong>quem</strong></span> <span class='ocrx_word' id='word_1_46' title='bbox 513 1447 638 1516; x_wconf 90' lang='lat' dir='ltr'><strong>itidem</strong></span> <span class='ocrx_word' id='word_1_47' title='bbox 656 1445 742 1515; x_wconf 84' lang='lat' dir='ltr'><strong>vitia</strong></span> <span class='ocrx_word' id='word_1_48' title='bbox 754 1445 883 1535; x_wconf 86' lang='lat' dir='ltr'><strong>populi</strong></span> <span class='ocrx_word' id='word_1_49' title='bbox 897 1469 1027 1537; x_wconf 84' lang='lat' dir='ltr'><strong>magna</strong></span> <span class='ocrx_word' id='word_1_50' title='bbox 1042 1474 1124 1518; x_wconf 90' lang='lat' dir='ltr'><strong>cum</strong></span> <span class='ocrx_word' id='word_1_51' title='bbox 1141 1447 1304 1518; x_wconf 79' lang='lat' dir='ltr'><strong>libertate</strong></span> <span class='ocrx_word' id='word_1_52' title='bbox 1318 1470 1376 1516; x_wconf 89' lang='lat' dir='ltr'><strong>re-</strong></span> 
     </span>
     <span class='ocr_line' id='line_1_8' title="bbox 299 1573 1378 1671; baseline 0.004 -24"><span class='ocrx_word' id='word_1_53' title='bbox 299 1577 532 1670; x_wconf 84' lang='lat' dir='ltr'><strong>prehendisse</strong></span> <span class='ocrx_word' id='word_1_54' title='bbox 547 1601 592 1646; x_wconf 85' lang='lat' dir='ltr'><strong>ex</strong></span> <span class='ocrx_word' id='word_1_55' title='bbox 600 1575 767 1670; x_wconf 79' lang='lat' dir='ltr'><strong>Horatio,</strong></span> <span class='ocrx_word' id='word_1_56' title='bbox 789 1573 860 1644; x_wconf 82' lang='lat' dir='ltr'><strong>Sat.</strong></span> <span class='ocrx_word' id='word_1_57' title='bbox 876 1598 907 1660; x_wconf 88' lang='lat'><strong>1,</strong></span> <span class='ocrx_word' id='word_1_58' title='bbox 926 1577 960 1664; x_wconf 84' lang='lat'><strong>4,</strong></span> <span class='ocrx_word' id='word_1_59' title='bbox 973 1601 1010 1645; x_wconf 91' lang='lat'><strong>.1.</strong></span> <span class='ocrx_word' id='word_1_60' title='bbox 1029 1579 1280 1671; x_wconf 76' lang='lat' dir='ltr'><strong>,septendecim</strong></span> <span class='ocrx_word' id='word_1_61' title='bbox 1296 1607 1378 1656; x_wconf 80' lang='lat' dir='ltr'><strong>vcro</strong></span> 
     </span>
     <span class='ocr_line' id='line_1_9' title="bbox 300 1695 1405 1804; baseline 0.002 -24"><span class='ocrx_word' id='word_1_62' title='bbox 300 1697 504 1782; x_wconf 84' lang='lat' dir='ltr'><strong>comoedias</strong></span> <span class='ocrx_word' id='word_1_63' title='bbox 522 1709 709 1804; x_wconf 82' lang='lat' dir='ltr'><strong>scripsisse</strong></span> <span class='ocrx_word' id='word_1_64' title='bbox 726 1718 762 1778; x_wconf 88' lang='lat' dir='ltr'><strong>et</strong></span> <span class='ocrx_word' id='word_1_65' title='bbox 775 1708 894 1777; x_wconf 88' lang='lat' dir='ltr'><strong>decies</strong></span> <span class='ocrx_word' id='word_1_66' title='bbox 908 1708 1056 1796; x_wconf 81' lang='lat' dir='ltr'><strong>vicisse,</strong></span> <span class='ocrx_word' id='word_1_67' title='bbox 1083 1734 1129 1779; x_wconf 84' lang='lat' dir='ltr'><strong>ex</strong></span> <span class='ocrx_word' id='word_1_68' title='bbox 1144 1707 1379 1784; x_wconf 80' lang='lat' dir='ltr'><strong>Suidadisci-</strong></span> <span class='ocrx_word' id='word_1_69' title='bbox 1399 1695 1405 1720; x_wconf 49' lang='lat'>³</span> 
     </span>
     <span class='ocr_line' id='line_1_10' title="bbox 299 1823 1381 1950; baseline -0.005 -32"><span class='ocrx_word' id='word_1_70' title='bbox 299 1869 389 1918; x_wconf 86' lang='lat' dir='ltr'><strong>mus.</strong></span> <span class='ocrx_word' id='word_1_71' title='bbox 441 1845 635 1942; x_wconf 82' lang='lat' dir='ltr'><strong>Horatius,</strong></span> <span class='ocrx_word' id='word_1_72' title='bbox 659 1869 741 1915; x_wconf 90' lang='lat' dir='ltr'><strong>cum</strong></span> <span class='ocrx_word' id='word_1_73' title='bbox 758 1823 883 1936; x_wconf 77' lang='lat' dir='ltr'><strong>poetas</strong></span> <span class='ocrx_word' id='word_1_74' title='bbox 898 1841 1054 1914; x_wconf 83' lang='lat' dir='ltr'><strong>illustres</strong></span> <span class='ocrx_word' id='word_1_75' title='bbox 1073 1867 1230 1950; x_wconf 83' lang='lat' dir='ltr'><strong>secessus</strong></span> <span class='ocrx_word' id='word_1_76' title='bbox 1246 1848 1302 1912; x_wconf 89' lang='lat' dir='ltr'><strong>sui</strong></span> <span class='ocrx_word' id='word_1_77' title='bbox 1317 1869 1381 1914; x_wconf 86' lang='lat' dir='ltr'><strong>co-</strong></span> 
     </span>
     <span class='ocr_line' id='line_1_11' title="bbox 280 1979 1382 2072; baseline -0.004 -20"><span class='ocrx_word' id='word_1_78' title='bbox 280 2030 284 2044; x_wconf 82' lang='lat'><em>·</em></span> <span class='ocrx_word' id='word_1_79' title='bbox 299 1981 402 2052; x_wconf 89' lang='lat' dir='ltr'><strong>mites</strong></span> <span class='ocrx_word' id='word_1_80' title='bbox 416 1991 622 2068; x_wconf 85' lang='lat' dir='ltr'><strong>enumerat,</strong></span> <span class='ocrx_word' id='word_1_81' title='bbox 646 2003 731 2048; x_wconf 88' lang='lat' dir='ltr'><strong>cum</strong></span> <span class='ocrx_word' id='word_1_82' title='bbox 746 2000 816 2072; x_wconf 86' lang='lat' dir='ltr'><strong>pro</strong></span> <span class='ocrx_word' id='word_1_83' title='bbox 833 1979 1001 2050; x_wconf 88' lang='lat' dir='ltr'><strong>omnibns</strong></span> <span class='ocrx_word' id='word_1_84' title='bbox 1015 1981 1169 2071; x_wconf 75' lang='lat' dir='ltr'><strong>antiquae</strong></span> <span class='ocrx_word' id='word_1_85' title='bbox 1190 1979 1382 2048; x_wconf 85' lang='lat' dir='ltr'><strong>comoediae</strong></span> 
     </span>
     <span class='ocr_line' id='line_1_12' title="bbox 258 2081 1384 2204; baseline -0.004 -20"><span class='ocrx_word' id='word_1_86' title='bbox 258 2081 260 2088; x_wconf 22' lang='grc' dir='ltr'>Ι</span> <span class='ocrx_word' id='word_1_87' title='bbox 298 2112 536 2204; x_wconf 80' lang='lat' dir='ltr'><strong>scriptoribus</strong></span> <span class='ocrx_word' id='word_1_88' title='bbox 562 2113 667 2204; x_wconf 86' lang='lat' dir='ltr'><strong>ponit</strong></span> <span class='ocrx_word' id='word_1_89' title='bbox 687 2116 758 2182; x_wconf 87' lang='lat' dir='ltr'><strong>Sat.</strong></span> <span class='ocrx_word' id='word_1_90' title='bbox 782 2136 817 2202; x_wconf 81' lang='lat' dir='ltr'><strong>a,</strong></span> <span class='ocrx_word' id='word_1_91' title='bbox 841 2117 876 2202; x_wconf 81' lang='lat'><strong>5,</strong></span> <span class='ocrx_word' id='word_1_92' title='bbox 901 2135 956 2186; x_wconf 79' lang='lat'><strong>12·</strong></span> <span class='ocrx_word' id='word_1_93' title='bbox 1033 2083 1094 2184; x_wconf 84' lang='lat' dir='ltr'><strong>Ad</strong></span> <span class='ocrx_word' id='word_1_94' title='bbox 1115 2090 1248 2187; x_wconf 74' lang='lat' dir='ltr'><strong>vocem¹</strong></span> <span class='ocrx_word' id='word_1_95' title='bbox 1265 2113 1384 2182; x_wconf 82' lang='lat' dir='ltr'><strong>irat-us</strong></span> 
     </span>
     <span class='ocr_line' id='line_1_13' title="bbox 221 2229 1385 2342; baseline 0.002 -26"><span class='ocrx_word' id='word_1_96' title='bbox 221 2263 223 2271; x_wconf 87' lang='lat'>&#39;</span> <span class='ocrx_word' id='word_1_97' title='bbox 297 2229 467 2338; x_wconf 83' lang='lat' dir='ltr'><strong>Koenig:</strong></span> <span class='ocrx_word' id='word_1_98' title='bbox 492 2241 600 2312; x_wconf 87' lang='lat' dir='ltr'><strong>Unde</strong></span> <span class='ocrx_word' id='word_1_99' title='bbox 621 2241 692 2313; x_wconf 86' lang='lat' dir='ltr'><strong>hoe</strong></span> <span class='ocrx_word' id='word_1_100' title='bbox 705 2247 910 2337; x_wconf 75' lang='lat' dir='ltr'><strong>epitheton,</strong></span> <span class='ocrx_word' id='word_1_101' title='bbox 935 2247 1033 2338; x_wconf 88' lang='lat' dir='ltr'><strong>quod</strong></span> <span class='ocrx_word' id='word_1_102' title='bbox 1049 2271 1123 2314; x_wconf 90' lang='lat' dir='ltr'><strong>non</strong></span> <span class='ocrx_word' id='word_1_103' title='bbox 1138 2249 1283 2335; x_wconf 79' lang='lat' dir='ltr'><strong>videtur</strong></span> <span class='ocrx_word' id='word_1_104' title='bbox 1296 2271 1385 2342; x_wconf 87' lang='lat' dir='ltr'><strong>per-</strong></span> 
     </span>
     <span class='ocr_line' id='line_1_14' title="bbox 296 2347 1386 2474; baseline -0.002 -22"><span class='ocrx_word' id='word_1_105' title='bbox 296 2381 415 2452; x_wconf 85' lang='lat' dir='ltr'><strong>tinere</strong></span> <span class='ocrx_word' id='word_1_106' title='bbox 439 2377 484 2446; x_wconf 86' lang='lat' dir='ltr'><strong>ad</strong></span> <span class='ocrx_word' id='word_1_107' title='bbox 504 2347 663 2446; x_wconf 86' lang='lat' dir='ltr'><strong>indolem</strong></span> <span class='ocrx_word' id='word_1_108' title='bbox 686 2376 898 2472; x_wconf 77' lang='lat' dir='ltr'><strong>Eupolidis,</strong></span> <span class='ocrx_word' id='word_1_109' title='bbox 921 2401 1042 2470; x_wconf 88' lang='lat' dir='ltr'><strong>neque</strong></span> <span class='ocrx_word' id='word_1_110' title='bbox 1058 2381 1300 2452; x_wconf 84' lang='lat' dir='ltr'><strong>adscribendi</strong></span> <span class='ocrx_word' id='word_1_111' title='bbox 1316 2407 1386 2474; x_wconf 85' lang='lat' dir='ltr'><strong>ge-</strong></span> 
     </span>
     <span class='ocr_line' id='line_1_15' title="bbox 297 2507 1387 2606; baseline -0.003 -22"><span class='ocrx_word' id='word_1_112' title='bbox 297 2537 377 2603; x_wconf 91' lang='lat' dir='ltr'><strong>nus,</strong></span> <span class='ocrx_word' id='word_1_113' title='bbox 403 2536 474 2606; x_wconf 91' lang='lat' dir='ltr'><strong>quo</strong></span> <span class='ocrx_word' id='word_1_114' title='bbox 490 2510 677 2581; x_wconf 88' lang='lat' dir='ltr'><strong>remissior</strong></span> <span class='ocrx_word' id='word_1_115' title='bbox 694 2513 843 2584; x_wconf 89' lang='lat' dir='ltr'><strong>Cratino</strong></span> <span class='ocrx_word' id='word_1_116' title='bbox 858 2522 894 2582; x_wconf 88' lang='lat' dir='ltr'><strong>ct</strong></span> <span class='ocrx_word' id='word_1_117' title='bbox 908 2507 1148 2604; x_wconf 81' lang='lat' dir='ltr'><strong>Aristophane</strong></span> <span class='ocrx_word' id='word_1_118' title='bbox 1165 2513 1275 2588; x_wconf 88' lang='lat' dir='ltr'><strong>luisse</strong></span> <span class='ocrx_word' id='word_1_119' title='bbox 1289 2517 1387 2582; x_wconf 86' lang='lat' dir='ltr'><strong>dici—</strong></span> 
     </span>
     <span class='ocr_line' id='line_1_16' title="bbox 297 2612 1389 2740; baseline 0 -22"><span class='ocrx_word' id='word_1_120' title='bbox 297 2645 386 2718; x_wconf 82' lang='lat' dir='ltr'><strong>tur?</strong></span> <span class='ocrx_word' id='word_1_121' title='bbox 423 2657 461 2716; x_wconf 84' lang='lat' dir='ltr'><strong>et</strong></span> <span class='ocrx_word' id='word_1_122' title='bbox 480 2645 642 2727; x_wconf 83' lang='lat' dir='ltr'><strong>Passow:</strong></span> <span class='ocrx_word' id='word_1_123' title='bbox 692 2612 850 2718; x_wconf 76' lang='lat' dir='ltr'><strong>Ubinmn</strong></span> <span class='ocrx_word' id='word_1_124' title='bbox 873 2647 947 2720; x_wconf 89' lang='lat' dir='ltr'><strong>hoc</strong></span> <span class='ocrx_word' id='word_1_125' title='bbox 969 2641 1128 2717; x_wconf 76' lang='lat' dir='ltr'><strong>dicitur?</strong></span> <span class='ocrx_word' id='word_1_126' title='bbox 1174 2650 1389 2740; x_wconf 84' lang='lat' dir='ltr'><strong>interrogat.</strong></span> 
     </span>
     <span class='ocr_line' id='line_1_17' title="bbox 228 2766 1391 2886; baseline -0.004 -37"><span class='ocrx_word' id='word_1_127' title='bbox 228 2802 232 2808; x_wconf 93' lang='lat'>·</span> <span class='ocrx_word' id='word_1_128' title='bbox 297 2782 406 2872; x_wconf 89' lang='lat' dir='ltr'><strong>Quod</strong></span> <span class='ocrx_word' id='word_1_129' title='bbox 422 2779 468 2848; x_wconf 86' lang='lat' dir='ltr'><strong>ad</strong></span> <span class='ocrx_word' id='word_1_130' title='bbox 480 2783 660 2872; x_wconf 82' lang='lat' dir='ltr'><strong>posterius</strong></span> <span class='ocrx_word' id='word_1_131' title='bbox 677 2781 820 2886; x_wconf 80' lang='lat' dir='ltr'><strong>attinet,</strong></span> <span class='ocrx_word' id='word_1_132' title='bbox 842 2769 1012 2852; x_wconf 66' lang='lat' dir='ltr'><strong>‘adeundi</strong></span> <span class='ocrx_word' id='word_1_133' title='bbox 1033 2766 1261 2881; x_wconf 79' lang='lat' dir='ltr'><strong>Scholiorurn</strong></span> <span class='ocrx_word' id='word_1_134' title='bbox 1281 2787 1391 2848; x_wconf 82' lang='lat' dir='ltr'><strong>vete-</strong></span> 
     </span>
     <span class='ocr_line' id='line_1_18' title="bbox 296 2898 1389 3011; baseline -0.008 -25"><span class='ocrx_word' id='word_1_135' title='bbox 296 2937 380 2986; x_wconf 87' lang='lat' dir='ltr'><strong>rum</strong></span> <span class='ocrx_word' id='word_1_136' title='bbox 397 2913 443 2982; x_wconf 87' lang='lat' dir='ltr'><strong>ad</strong></span> <span class='ocrx_word' id='word_1_137' title='bbox 459 2911 737 3008; x_wconf 83' lang='lat' dir='ltr'><strong>Aristophanem</strong></span> <span class='ocrx_word' id='word_1_138' title='bbox 755 2898 950 3011; x_wconf 80' lang='lat' dir='ltr'><strong>scriptores</strong></span> <span class='ocrx_word' id='word_1_139' title='bbox 965 2927 1003 3005; x_wconf 78' lang='lat' dir='ltr'><strong>¹et</strong></span> <span class='ocrx_word' id='word_1_140' title='bbox 1017 2918 1055 2986; x_wconf 91' lang='grc' dir='ltr'><strong>Ρ.</strong></span> <span class='ocrx_word' id='word_1_141' title='bbox 1068 2917 1109 2986; x_wconf 89' lang='lat' dir='ltr'><strong>F.</strong></span> <span class='ocrx_word' id='word_1_142' title='bbox 1121 2913 1389 3004; x_wconf 85' lang='lat' dir='ltr'><strong>Kanngiesser:</strong></span> 
     </span>
     <span class='ocr_line' id='line_1_19' title="bbox 296 3024 1394 3155; baseline -0.007 -33"><span class='ocrx_word' id='word_1_143' title='bbox 296 3051 366 3122; x_wconf 89' lang='lat' dir='ltr'><strong>Die</strong></span> <span class='ocrx_word' id='word_1_144' title='bbox 383 3046 453 3122; x_wconf 86' lang='lat' dir='ltr'><strong>alte</strong></span> <span class='ocrx_word' id='word_1_145' title='bbox 466 3047 652 3124; x_wconf 83' lang='lat' dir='ltr'><strong>komisclre</strong></span> <span class='ocrx_word' id='word_1_146' title='bbox 667 3051 793 3155; x_wconf 87' lang='lat' dir='ltr'><strong>Biihne</strong></span> <span class='ocrx_word' id='word_1_147' title='bbox 810 3053 849 3124; x_wconf 90' lang='lat' dir='ltr'><strong>in</strong></span> <span class='ocrx_word' id='word_1_148' title='bbox 865 3051 994 3126; x_wconf 87' lang='lat' dir='ltr'><strong>Athen.</strong></span> <span class='ocrx_word' id='word_1_149' title='bbox 1023 3024 1169 3120; x_wconf 76' lang='lat' dir='ltr'><strong>Uratisl.</strong></span> <span class='ocrx_word' id='word_1_150' title='bbox 1189 3049 1294 3138; x_wconf 88' lang='lat'>1817.</span> <span class='ocrx_word' id='word_1_151' title='bbox 1331 3045 1394 3114; x_wconf 79' lang='lat' dir='ltr'><strong>nd</strong></span> 
     </span>
    </p>
   </div>
   <div class='ocr_carea' id='block_1_4' title="bbox 40 3157 1395 3408">
    <p class='ocr_par' dir='ltr' id='par_1_4' title="bbox 40 3157 1395 3408">
     <span class='ocr_line' id='line_1_20' title="bbox 40 3157 1394 3290; baseline 0 -38"><span class='ocrx_word' id='word_1_152' title='bbox 40 3157 45 3170; x_wconf 35' lang='lat'><strong><em>¹</em></strong></span> <span class='ocrx_word' id='word_1_153' title='bbox 124 3168 127 3180; x_wconf 62' lang='grc'><em>’</em></span> <span class='ocrx_word' id='word_1_154' title='bbox 187 3185 194 3192; x_wconf 87' lang='grc'><strong>’</strong></span> <span class='ocrx_word' id='word_1_155' title='bbox 253 3221 256 3226; x_wconf 85' lang='grc'><strong><em>·</em></strong></span> <span class='ocrx_word' id='word_1_156' title='bbox 294 3167 414 3274; x_wconf 80' lang='lat' dir='ltr'><strong>priris,</strong></span> <span class='ocrx_word' id='word_1_157' title='bbox 441 3185 800 3262; x_wconf 84' lang='lat' dir='ltr'><strong>anirnadvertendum</strong></span> <span class='ocrx_word' id='word_1_158' title='bbox 825 3187 955 3282; x_wconf 89' lang='lat' dir='ltr'><strong>opinor</strong></span> <span class='ocrx_word' id='word_1_159' title='bbox 977 3185 1024 3253; x_wconf 87' lang='lat' dir='ltr'><strong>ad</strong></span> <span class='ocrx_word' id='word_1_160' title='bbox 1044 3185 1194 3276; x_wconf 85' lang='lat' dir='ltr'><strong>Baptas‚</strong></span> <span class='ocrx_word' id='word_1_161' title='bbox 1227 3181 1394 3290; x_wconf 67' lang='lat' dir='ltr'><strong>tabulam</strong></span> 
     </span>
     <span class='ocr_line' id='line_1_21' title="bbox 174 3313 1395 3408; baseline 0.002 -26"><span class='ocrx_word' id='word_1_162' title='bbox 174 3386 179 3400; x_wconf 47' lang='lat'><strong>,</strong></span> <span class='ocrx_word' id='word_1_163' title='bbox 293 3313 506 3404; x_wconf 86' lang='lat' dir='ltr'><strong>Eupolidis,</strong></span> <span class='ocrx_word' id='word_1_164' title='bbox 538 3319 578 3386; x_wconf 88' lang='lat' dir='ltr'><strong>in</strong></span> <span class='ocrx_word' id='word_1_165' title='bbox 595 3341 666 3408; x_wconf 82' lang='lat' dir='ltr'><strong>qua</strong></span> <span class='ocrx_word' id='word_1_166' title='bbox 682 3343 765 3388; x_wconf 85' lang='lat' dir='ltr'><strong>enm</strong></span> <span class='ocrx_word' id='word_1_167' title='bbox 782 3321 917 3408; x_wconf 83' lang='lat' dir='ltr'><strong>flagitia</strong></span> <span class='ocrx_word' id='word_1_168' title='bbox 933 3317 1066 3388; x_wconf 80' lang='lat' dir='ltr'><strong>civium</strong></span> <span class='ocrx_word' id='word_1_169' title='bbox 1080 3315 1231 3390; x_wconf 89' lang='lat' dir='ltr'><strong>libidine</strong></span> <span class='ocrx_word' id='word_1_170' title='bbox 1249 3319 1395 3408; x_wconf 85' lang='lat' dir='ltr'><strong>deper-</strong></span> 
     </span>
    </p>
   </div>
   <div class='ocr_carea' id='block_1_5' title="bbox 294 3447 1395 3540">
    <p class='ocr_par' dir='ltr' id='par_1_5' title="bbox 294 3447 1395 3540">
     <span class='ocr_line' id='line_1_22' title="bbox 294 3447 1395 3540; baseline 0.001 -25"><span class='ocrx_word' id='word_1_171' title='bbox 294 3447 452 3515; x_wconf 90' lang='lat' dir='ltr'><strong>ditorum</strong></span> <span class='ocrx_word' id='word_1_172' title='bbox 471 3448 670 3535; x_wconf 80' lang='lat' dir='ltr'><strong>nutavisse,</strong></span> <span class='ocrx_word' id='word_1_173' title='bbox 703 3460 801 3540; x_wconf 88' lang='lat' dir='ltr'><strong>patet</strong></span> <span class='ocrx_word' id='word_1_174' title='bbox 824 3469 871 3516; x_wconf 85' lang='lat' dir='ltr'><strong>ex</strong></span> <span class='ocrx_word' id='word_1_175' title='bbox 892 3447 1077 3516; x_wconf 79' lang='lat' dir='ltr'><strong>Lucieno:</strong></span> <span class='ocrx_word' id='word_1_176' title='bbox 1103 3447 1281 3518; x_wconf 87' lang='lat' dir='ltr'><strong>Sermone</strong></span> <span class='ocrx_word' id='word_1_177' title='bbox 1307 3449 1395 3520; x_wconf 77' lang='lat' dir='ltr'><strong>adv.</strong></span> 
     </span>
    </p>
   </div>
   <div class='ocr_carea' id='block_1_6' title="bbox 143 3559 1399 3681">
    <p class='ocr_par' dir='ltr' id='par_1_6' title="bbox 143 3559 1399 3681">
     <span class='ocr_line' id='line_1_23' title="bbox 143 3559 1399 3681; baseline 0.003 -37"><span class='ocrx_word' id='word_1_178' title='bbox 143 3670 146 3679; x_wconf 25' lang='grc' dir='ltr'>Ι</span> <span class='ocrx_word' id='word_1_179' title='bbox 220 3639 226 3644; x_wconf 92' lang='grc'><strong>.</strong></span> <span class='ocrx_word' id='word_1_180' title='bbox 292 3581 497 3669; x_wconf 87' lang='lat' dir='ltr'><strong>indoctum,</strong></span> <span class='ocrx_word' id='word_1_181' title='bbox 527 3559 668 3681; x_wconf 32' lang='lat' dir='ltr'><strong>in‘fine.</strong></span> <span class='ocrx_word' id='word_1_182' title='bbox 727 3581 769 3652; x_wconf 86' lang='lat' dir='ltr'><strong>ln</strong></span> <span class='ocrx_word' id='word_1_183' title='bbox 789 3579 852 3651; x_wconf 86' lang='lat' dir='ltr'><strong>illa</strong></span> <span class='ocrx_word' id='word_1_184' title='bbox 872 3577 994 3651; x_wconf 83' lang='lat' dir='ltr'><strong>fabula</strong></span> <span class='ocrx_word' id='word_1_185' title='bbox 1012 3601 1094 3648; x_wconf 89' lang='lat' dir='ltr'><strong>cnm</strong></span> <span class='ocrx_word' id='word_1_186' title='bbox 1109 3577 1277 3672; x_wconf 85' lang='lat' dir='ltr'><strong>inprimis</strong></span> <span class='ocrx_word' id='word_1_187' title='bbox 1291 3601 1399 3670; x_wconf 86' lang='lat' dir='ltr'><strong>per-</strong></span> 
     </span>
    </p>
   </div>
   <div class='ocr_carea' id='block_1_7' title="bbox 219 3711 1438 4212">
    <p class='ocr_par' dir='ltr' id='par_1_7' title="bbox 219 3711 1438 4212">
     <span class='ocr_line' id='line_1_24' title="bbox 219 3711 1399 3811; baseline -0.002 -25"><span class='ocrx_word' id='word_1_188' title='bbox 219 3765 220 3768; x_wconf 52' lang='lat'><em>=</em></span> <span class='ocrx_word' id='word_1_189' title='bbox 292 3717 530 3811; x_wconf 80' lang='lat' dir='ltr'><strong>stringeretur</strong></span> <span class='ocrx_word' id='word_1_190' title='bbox 558 3712 780 3806; x_wconf 79' lang='lat' dir='ltr'><strong>Alcibiades,</strong></span> <span class='ocrx_word' id='word_1_191' title='bbox 823 3714 903 3805; x_wconf 86' lang='lat' dir='ltr'><strong>hic,</strong></span> <span class='ocrx_word' id='word_1_192' title='bbox 946 3713 984 3782; x_wconf 89' lang='lat' dir='ltr'><strong>in</strong></span> <span class='ocrx_word' id='word_1_193' title='bbox 1014 3711 1173 3782; x_wconf 78' lang='lat' dir='ltr'><strong>Siciliam</strong></span> <span class='ocrx_word' id='word_1_194' title='bbox 1200 3713 1399 3809; x_wconf 84' lang='lat' dir='ltr'><strong>navigans,</strong></span> 
     </span>
     <span class='ocr_line' id='line_1_25' title="bbox 292 3847 1398 3943; baseline -0.004 -24"><span class='ocrx_word' id='word_1_195' title='bbox 292 3853 508 3943; x_wconf 85' lang='lat' dir='ltr'><strong>scriptorem</strong></span> <span class='ocrx_word' id='word_1_196' title='bbox 521 3850 560 3943; x_wconf 82' lang='lat' dir='ltr'><strong>in</strong></span> <span class='ocrx_word' id='word_1_197' title='bbox 576 3871 677 3920; x_wconf 88' lang='lat' dir='ltr'><strong>mare</strong></span> <span class='ocrx_word' id='word_1_198' title='bbox 693 3851 866 3920; x_wconf 89' lang='lat' dir='ltr'><strong>deiecisse</strong></span> <span class='ocrx_word' id='word_1_199' title='bbox 883 3847 1026 3936; x_wconf 88' lang='lat' dir='ltr'><strong>dicitur,</strong></span> <span class='ocrx_word' id='word_1_200' title='bbox 1043 3848 1083 3918; x_wconf 92' lang='lat' dir='ltr'><strong>in</strong></span> <span class='ocrx_word' id='word_1_201' title='bbox 1095 3847 1226 3920; x_wconf 74' lang='lat' dir='ltr'><strong>fabule</strong></span> <span class='ocrx_word' id='word_1_202' title='bbox 1234 3851 1398 3920; x_wconf 89' lang='lat' dir='ltr'><strong>nomine</strong></span> 
     </span>
     <span class='ocr_line' id='line_1_26' title="bbox 291 3958 1397 4078; baseline -0.002 -28"><span class='ocrx_word' id='word_1_203' title='bbox 291 3981 429 4056; x_wconf 85' lang='lat' dir='ltr'><strong>ludens.</strong></span> <span class='ocrx_word' id='word_1_204' title='bbox 488 3958 610 4075; x_wconf 75' lang='lat' dir='ltr'><strong>Quam</strong></span> <span class='ocrx_word' id='word_1_205' title='bbox 632 3985 884 4073; x_wconf 83' lang='lat' dir='ltr'><strong>traditionem,</strong></span> <span class='ocrx_word' id='word_1_206' title='bbox 917 3985 1160 4078; x_wconf 85' lang='lat' dir='ltr'><strong>redarguente</strong></span> <span class='ocrx_word' id='word_1_207' title='bbox 1180 3983 1267 4054; x_wconf 88' lang='lat' dir='ltr'><strong>licet</strong></span> <span class='ocrx_word' id='word_1_208' title='bbox 1282 3982 1397 4052; x_wconf 88' lang='lat' dir='ltr'><strong>Era—</strong></span> 
     </span>
     <span class='ocr_line' id='line_1_27' title="bbox 290 4115 1438 4212; baseline 0 -30"><span class='ocrx_word' id='word_1_209' title='bbox 290 4115 473 4206; x_wconf 85' lang='lat' dir='ltr'><strong>tosthene,</strong></span> <span class='ocrx_word' id='word_1_210' title='bbox 498 4119 721 4190; x_wconf 86' lang='lat' dir='ltr'><strong>notissimam</strong></span> <span class='ocrx_word' id='word_1_211' title='bbox 743 4121 834 4206; x_wconf 85' lang='lat' dir='ltr'><strong>(Cic.</strong></span> <span class='ocrx_word' id='word_1_212' title='bbox 848 4120 919 4212; x_wconf 88' lang='lat' dir='ltr'><strong>Ep.</strong></span> <span class='ocrx_word' id='word_1_213' title='bbox 936 4117 1006 4189; x_wconf 89' lang='lat' dir='ltr'><strong>Att.</strong></span> <span class='ocrx_word' id='word_1_214' title='bbox 1026 4119 1060 4206; x_wconf 83' lang='grc'><strong>6,</strong></span> <span class='ocrx_word' id='word_1_215' title='bbox 1080 4123 1127 4203; x_wconf 86' lang='grc' dir='ltr'><strong>ι.)</strong></span> <span class='ocrx_word' id='word_1_216' title='bbox 1155 4118 1305 4190; x_wconf 87' lang='lat' dir='ltr'><strong>Persius</strong></span> <span class='ocrx_word' id='word_1_217' title='bbox 1323 4139 1399 4183; x_wconf 79' lang='lat' dir='ltr'><strong>se·</strong></span> <span class='ocrx_word' id='word_1_218' title='bbox 1437 4183 1438 4192; x_wconf 63' lang='grc'>,</span> 
     </span>
    </p>
   </div>
   <div class='ocr_carea' id='block_1_8' title="bbox 157 4251 1400 4488">
    <p class='ocr_par' dir='ltr' id='par_1_8' title="bbox 157 4251 1400 4488">
     <span class='ocr_line' id='line_1_28' title="bbox 189 4251 1399 4344; baseline 0.007 -30"><span class='ocrx_word' id='word_1_219' title='bbox 189 4259 194 4270; x_wconf 92' lang='grc'><em>’</em></span> <span class='ocrx_word' id='word_1_220' title='bbox 291 4259 393 4316; x_wconf 79' lang='lat' dir='ltr'><strong>cutus</strong></span> <span class='ocrx_word' id='word_1_221' title='bbox 423 4271 501 4318; x_wconf 88' lang='lat' dir='ltr'><strong>esse</strong></span> <span class='ocrx_word' id='word_1_222' title='bbox 530 4253 695 4344; x_wconf 78' lang='lat' dir='ltr'><strong>ridetur,</strong></span> <span class='ocrx_word' id='word_1_223' title='bbox 728 4251 775 4324; x_wconf 87' lang='lat' dir='ltr'><strong>ad</strong></span> <span class='ocrx_word' id='word_1_224' title='bbox 804 4252 1091 4324; x_wconf 26' lang='lat' dir='ltr'><strong>animinntvitiis</strong></span> <span class='ocrx_word' id='word_1_225' title='bbox 1117 4253 1249 4322; x_wconf 84' lang='lat' dir='ltr'><strong>iratum</strong></span> <span class='ocrx_word' id='word_1_226' title='bbox 1256 4303 1270 4342; x_wconf 92' lang='lat'><strong>,</strong></span> <span class='ocrx_word' id='word_1_227' title='bbox 1312 4271 1399 4341; x_wconf 88' lang='lat' dir='ltr'><strong>quo</strong></span> 
     </span>
     <span class='ocr_line' id='line_1_29' title="bbox 157 4367 1400 4488; baseline 0.003 -38"><span class='ocrx_word' id='word_1_228' title='bbox 157 4381 161 4390; x_wconf 82' lang='grc'><strong><em>’</em></strong></span> <span class='ocrx_word' id='word_1_229' title='bbox 289 4393 443 4453; x_wconf 85' lang='lat' dir='ltr'><strong>mortem</strong></span> <span class='ocrx_word' id='word_1_230' title='bbox 451 4383 603 4488; x_wconf 80' lang='lat' dir='ltr'><strong>Eupolis</strong></span> <span class='ocrx_word' id='word_1_231' title='bbox 613 4388 682 4456; x_wconf 88' lang='lat' dir='ltr'><strong>sibi</strong></span> <span class='ocrx_word' id='word_1_232' title='bbox 697 4367 929 4476; x_wconf 79' lang='lat' dir='ltr'><strong>contraxerit,</strong></span> <span class='ocrx_word' id='word_1_233' title='bbox 942 4385 1063 4476; x_wconf 90' lang='lat' dir='ltr'><strong>potius</strong></span> <span class='ocrx_word' id='word_1_234' title='bbox 1078 4397 1244 4476; x_wconf 84' lang='lat' dir='ltr'><strong>attentus,</strong></span> <span class='ocrx_word' id='word_1_235' title='bbox 1270 4407 1400 4480; x_wconf 80' lang='lat' dir='ltr'><strong>quam</strong></span> 
     </span>
    </p>
   </div>
   <div class='ocr_carea' id='block_1_9' title="bbox 0 0 1470 5206">
    <p class='ocr_par' dir='ltr' id='par_1_9' title="bbox 0 0 1470 5206">
     <span class='ocr_line' id='line_1_30' title="bbox 0 0 1470 5206; baseline 0 4"><span class='ocrx_word' id='word_1_236' title='bbox 0 0 1470 5206; x_wconf 95' lang='lat' dir='ltr'><strong> </strong></span> 
     </span>
    </p>
   </div>
  </div>
 </body>
</html>
