<?xml version="1.0" encoding="UTF-8"?>
<!DOCTYPE html PUBLIC "-//W3C//DTD XHTML 1.0 Transitional//EN"
    "http://www.w3.org/TR/xhtml1/DTD/xhtml1-transitional.dtd">
<html xmlns="http://www.w3.org/1999/xhtml" xml:lang="en" lang="en">
 <head>
  <title>
</title>
<meta http-equiv="Content-Type" content="text/html;charset=utf-8" />
  <meta name='ocr-system' content='tesseract 3.04.00' />
  <meta name='ocr-capabilities' content='ocr_page ocr_carea ocr_par ocr_line ocrx_word'/>
</head>
<body>
  <div class='ocr_page' id='page_1' title='image "./satir00persgoog_0130.png"; bbox 0 0 2932 5206; ppageno 0'>
   <div class='ocr_carea' id='block_1_1' title="bbox 872 170 876 178">
    <p class='ocr_par' dir='ltr' id='par_1_1' title="bbox 872 170 876 178">
     <span class='ocr_line' id='line_1_1' title="bbox 872 170 876 178; baseline 0 0"><span class='ocrx_word' id='word_1_1' title='bbox 872 170 876 178; x_wconf 86' lang='grc' dir='ltr'><em>ι</em></span> 
     </span>
    </p>
   </div>
   <div class='ocr_carea' id='block_1_2' title="bbox 302 417 981 552">
    <p class='ocr_par' dir='ltr' id='par_1_2' title="bbox 302 417 981 552">
     <span class='ocr_line' id='line_1_2' title="bbox 302 417 981 500; baseline -0.015 -13"><span class='ocrx_word' id='word_1_2' title='bbox 302 417 394 487; x_wconf 70' lang='lat'><strong>”108</strong></span> <span class='ocrx_word' id='word_1_3' title='bbox 758 421 852 481; x_wconf 80' lang='lat' dir='ltr'><strong>sn&#39;r..</strong></span> <span class='ocrx_word' id='word_1_4' title='bbox 868 429 909 494; x_wconf 78' lang='lat' dir='ltr'><strong>n,</strong></span> <span class='ocrx_word' id='word_1_5' title='bbox 924 429 981 500; x_wconf 85' lang='lat'><strong>77.</strong></span> 
     </span>
     <span class='ocr_line' id='line_1_3' title="bbox 414 539 881 552; baseline -0.015 5"><span class='ocrx_word' id='word_1_6' title='bbox 414 539 417 552; x_wconf 89' lang='lat'>.</span> <span class='ocrx_word' id='word_1_7' title='bbox 878 539 881 550; x_wconf 87' lang='lat'><em>.</em></span> 
     </span>
    </p>
   </div>
   <div class='ocr_carea' id='block_1_3' title="bbox 239 679 1401 1184">
    <p class='ocr_par' dir='ltr' id='par_1_3' title="bbox 319 679 1398 916">
     <span class='ocr_line' id='line_1_4' title="bbox 319 679 1397 782; baseline -0.017 -16"><span class='ocrx_word' id='word_1_8' title='bbox 319 687 540 782; x_wconf 82' lang='lat' dir='ltr'>Plerumque</span> <span class='ocrx_word' id='word_1_9' title='bbox 563 709 647 756; x_wconf 89' lang='lat' dir='ltr'><strong>eum</strong></span> <span class='ocrx_word' id='word_1_10' title='bbox 666 683 775 758; x_wconf 81' lang='lat' dir='ltr'><strong>Accio</strong></span> <span class='ocrx_word' id='word_1_11' title='bbox 784 691 804 773; x_wconf 60' lang='lat'><strong>‚⁸</strong></span> <span class='ocrx_word' id='word_1_12' title='bbox 837 695 874 757; x_wconf 85' lang='lat' dir='ltr'><strong>et</strong></span> <span class='ocrx_word' id='word_1_13' title='bbox 901 705 978 754; x_wconf 92' lang='lat' dir='ltr'><strong>nen</strong></span> <span class='ocrx_word' id='word_1_14' title='bbox 998 681 1079 754; x_wconf 81' lang='lat' dir='ltr'><strong>sine</strong></span> <span class='ocrx_word' id='word_1_15' title='bbox 1100 679 1227 767; x_wconf 86' lang='lat' dir='ltr'><strong>leude,</strong></span> <span class='ocrx_word' id='word_1_16' title='bbox 1264 679 1397 752; x_wconf 83' lang='lat' dir='ltr'><strong>citetur.</strong></span> 
     </span>
     <span class='ocr_line' id='line_1_5' title="bbox 322 812 1398 916; baseline -0.017 -14"><span class='ocrx_word' id='word_1_17' title='bbox 322 827 381 910; x_wconf 75' lang='lat' dir='ltr'><strong>De,</strong></span> <span class='ocrx_word' id='word_1_18' title='bbox 391 825 547 916; x_wconf 80' lang='lat' dir='ltr'><strong>utroque</strong></span> <span class='ocrx_word' id='word_1_19' title='bbox 560 818 843 914; x_wconf 82' lang='lat' dir='ltr'><strong>Quinctilienus:</strong></span> <span class='ocrx_word' id='word_1_20' title='bbox 867 817 1038 908; x_wconf 74' lang='lat' dir='ltr'><strong>„Vinium</strong></span> <span class='ocrx_word' id='word_1_21' title='bbox 1051 812 1159 889; x_wconf 77' lang='lat' dir='ltr'><strong>A&#39;ceio</strong></span> <span class='ocrx_word' id='word_1_22' title='bbox 1174 815 1254 906; x_wconf 84' lang='lat' dir='ltr'><strong>plus</strong></span> <span class='ocrx_word' id='word_1_23' title='bbox 1269 814 1398 884; x_wconf 89' lang='lat' dir='ltr'><strong>tribui-</strong></span> 
     </span>
    </p>

    <p class='ocr_par' dir='ltr' id='par_1_4' title="bbox 239 927 1401 1184">
     <span class='ocr_line' id='line_1_6' title="bbox 239 927 1398 1049; baseline -0.014 -15"><span class='ocrx_word' id='word_1_24' title='bbox 239 927 245 934; x_wconf 29' lang='lat'>·</span> <span class='ocrx_word' id='word_1_25' title='bbox 322 973 403 1049; x_wconf 88' lang='lat' dir='ltr'><strong>tur,</strong></span> <span class='ocrx_word' id='word_1_26' title='bbox 428 956 624 1031; x_wconf 83' lang='lat' dir='ltr'><strong>Pacuvium</strong></span> <span class='ocrx_word' id='word_1_27' title='bbox 638 953 754 1028; x_wconf 81' lang='lat' dir='ltr'><strong>videri</strong></span> <span class='ocrx_word' id='word_1_28' title='bbox 770 953 980 1042; x_wconf 81' lang='lat' dir='ltr'><strong>doctiorem,</strong></span> <span class='ocrx_word' id='word_1_29' title='bbox 1005 949 1163 1046; x_wconf 79' lang='lat' dir='ltr'><strong>quiesse</strong></span> <span class='ocrx_word' id='word_1_30' title='bbox 1183 947 1278 1020; x_wconf 81' lang='lat' dir='ltr'><strong>doni</strong></span> <span class='ocrx_word' id='word_1_31' title='bbox 1291 948 1398 1018; x_wconf 83' lang='lat' dir='ltr'><strong>effec-</strong></span> 
     </span>
     <span class='ocr_line' id='line_1_7' title="bbox 280 1079 1401 1184; baseline -0.015 -18"><span class='ocrx_word' id='word_1_32' title='bbox 280 1154 282 1166; x_wconf 79' lang='grc'>,</span> <span class='ocrx_word' id='word_1_33' title='bbox 322 1107 416 1184; x_wconf 84' lang='lat' dir='ltr'><strong>tant,</strong></span> <span class='ocrx_word' id='word_1_34' title='bbox 443 1089 602 1168; x_wconf 75' lang='lat' dir='ltr'><strong>volunt.“</strong></span> <span class='ocrx_word' id='word_1_35' title='bbox 653 1089 736 1166; x_wconf 83' lang='lat' dir='ltr'><strong>lust</strong></span> <span class='ocrx_word' id='word_1_36' title='bbox 764 1109 819 1178; x_wconf 82' lang='lat' dir='ltr'><strong>re,</strong></span> <span class='ocrx_word' id='word_1_37' title='bbox 844 1111 876 1178; x_wconf 89' lang='lat'><strong>1,</strong></span> <span class='ocrx_word' id='word_1_38' title='bbox 900 1111 959 1183; x_wconf 84' lang='lat'><strong>97.</strong></span> <span class='ocrx_word' id='word_1_39' title='bbox 984 1095 1021 1162; x_wconf 90' lang='lat' dir='ltr'><strong>et</strong></span> <span class='ocrx_word' id='word_1_40' title='bbox 1032 1082 1224 1162; x_wconf 78' lang='lat' dir='ltr'><strong>Horatius:</strong></span> <span class='ocrx_word' id='word_1_41' title='bbox 1251 1079 1401 1173; x_wconf 79' lang='lat' dir='ltr'><strong>„Anibi-</strong></span> 
     </span>
    </p>
   </div>
   <div class='ocr_carea' id='block_1_4' title="bbox 323 1294 617 1318">
    <p class='ocr_par' dir='ltr' id='par_1_5' title="bbox 323 1294 617 1318">
     <span class='ocr_line' id='line_1_8' title="bbox 323 1294 617 1318; baseline -0.02 -2"><span class='ocrx_word' id='word_1_42' title='bbox 323 1294 617 1318; x_wconf 57' lang='lat' dir='ltr'><em>W</em></span> 
     </span>
    </p>
   </div>
   <div class='ocr_carea' id='block_1_5' title="bbox 256 1421 1416 4530">
    <p class='ocr_par' dir='ltr' id='par_1_6' title="bbox 256 1421 1416 4530">
     <span class='ocr_line' id='line_1_9' title="bbox 406 1421 1406 1510; baseline -0.013 -22"><span class='ocrx_word' id='word_1_43' title='bbox 406 1425 530 1510; x_wconf 76' lang='lat' dir='ltr'><strong>quando</strong></span> <span class='ocrx_word' id='word_1_44' title='bbox 549 1421 854 1498; x_wconf 76' lang='lat' dir='ltr'><strong>seutenttradditur,</strong></span> <span class='ocrx_word' id='word_1_45' title='bbox 881 1443 945 1484; x_wconf 88' lang='lat' dir='ltr'><strong>non</strong></span> <span class='ocrx_word' id='word_1_46' title='bbox 963 1423 1102 1504; x_wconf 86' lang='lat' dir='ltr'><strong>pendens</strong></span> <span class='ocrx_word' id='word_1_47' title='bbox 1119 1421 1158 1483; x_wconf 80' lang='lat' dir='ltr'><strong>nb</strong></span> <span class='ocrx_word' id='word_1_48' title='bbox 1171 1441 1229 1498; x_wconf 65' lang='grc' dir='ltr'><strong>αι,-</strong></span> <span class='ocrx_word' id='word_1_49' title='bbox 1243 1437 1309 1502; x_wconf 77' lang='lat' dir='ltr'><strong>ques</strong></span> <span class='ocrx_word' id='word_1_50' title='bbox 1321 1435 1406 1496; x_wconf 76' lang='lat' dir='ltr'><strong>prae-</strong></span> 
     </span>
     <span class='ocr_line' id='line_1_10' title="bbox 405 1523 1405 1607; baseline -0.013 -13"><span class='ocrx_word' id='word_1_51' title='bbox 405 1532 514 1605; x_wconf 78' lang='lat' dir='ltr'>cessit,</span> <span class='ocrx_word' id='word_1_52' title='bbox 540 1547 642 1604; x_wconf 81' lang='lat' dir='ltr'><strong>neque</strong></span> <span class='ocrx_word' id='word_1_53' title='bbox 661 1542 733 1583; x_wconf 85' lang='lat' dir='ltr'><strong>cum</strong></span> <span class='ocrx_word' id='word_1_54' title='bbox 749 1545 786 1582; x_wconf 84' lang='lat' dir='ltr'><strong>cn</strong></span> <span class='ocrx_word' id='word_1_55' title='bbox 805 1527 983 1586; x_wconf 84' lang='lat' dir='ltr'><strong>necessarie</strong></span> <span class='ocrx_word' id='word_1_56' title='bbox 999 1529 1230 1607; x_wconf 75' lang='lat' dir='ltr'><strong>coniungendo,</strong></span> <span class='ocrx_word' id='word_1_57' title='bbox 1259 1523 1314 1584; x_wconf 83' lang='lat' dir='ltr'><strong>sed</strong></span> <span class='ocrx_word' id='word_1_58' title='bbox 1338 1542 1405 1582; x_wconf 78' lang='lat' dir='ltr'><strong>reni</strong></span> 
     </span>
     <span class='ocr_line' id='line_1_11' title="bbox 403 1623 1408 1712; baseline -0.01 -18"><span class='ocrx_word' id='word_1_59' title='bbox 403 1630 589 1712; x_wconf 86' lang='lat' dir='ltr'><strong>simpliciter</strong></span> <span class='ocrx_word' id='word_1_60' title='bbox 606 1623 756 1689; x_wconf 72' lang='lat' dir='ltr'><strong>indicant.</strong></span> <span class='ocrx_word' id='word_1_61' title='bbox 798 1625 843 1688; x_wconf 92' lang='lat' dir='ltr'><strong>Ut</strong></span> <span class='ocrx_word' id='word_1_62' title='bbox 857 1625 886 1685; x_wconf 85' lang='lat' dir='ltr'><strong>si</strong></span> <span class='ocrx_word' id='word_1_63' title='bbox 907 1625 1009 1686; x_wconf 76' lang='lat' dir='ltr'><strong>dicre:</strong></span> <span class='ocrx_word' id='word_1_64' title='bbox 1037 1630 1217 1706; x_wconf 60' lang='lat' dir='ltr'><strong>„Fueruntj</strong></span> <span class='ocrx_word' id='word_1_65' title='bbox 1245 1627 1299 1710; x_wconf 88' lang='lat' dir='ltr'><strong>qui</strong></span> <span class='ocrx_word' id='word_1_66' title='bbox 1319 1627 1408 1686; x_wconf 86' lang='lat' dir='ltr'><strong>diee-</strong></span> 
     </span>
     <span class='ocr_line' id='line_1_12' title="bbox 402 1727 1407 1814; baseline -0.006 -16"><span class='ocrx_word' id='word_1_67' title='bbox 402 1737 495 1798; x_wconf 87' lang='lat' dir='ltr'><strong>rent“</strong></span> <span class='ocrx_word' id='word_1_68' title='bbox 507 1729 592 1814; x_wconf 85' lang='lat' dir='ltr'><strong>quod</strong></span> <span class='ocrx_word' id='word_1_69' title='bbox 607 1727 691 1794; x_wconf 86' lang='lat' dir='ltr'>nihil</span> <span class='ocrx_word' id='word_1_70' title='bbox 706 1730 794 1796; x_wconf 82' lang='lat' dir='ltr'><strong>eliud</strong></span> <span class='ocrx_word' id='word_1_71' title='bbox 807 1741 855 1794; x_wconf 85' lang='lat' dir='ltr'><strong>est</strong></span> <span class='ocrx_word' id='word_1_72' title='bbox 867 1751 976 1812; x_wconf 83' lang='lat' dir='ltr'><strong>quam:</strong></span> <span class='ocrx_word' id='word_1_73' title='bbox 1005 1731 1149 1794; x_wconf 84' lang='lat' dir='ltr'><strong>Fuerunt</strong></span> <span class='ocrx_word' id='word_1_74' title='bbox 1162 1730 1305 1794; x_wconf 86' lang='lat' dir='ltr'><strong>homines</strong></span> <span class='ocrx_word' id='word_1_75' title='bbox 1320 1729 1407 1792; x_wconf 80' lang='lat' dir='ltr'><strong>eiur-</strong></span> 
     </span>
     <span class='ocr_line' id='line_1_13' title="bbox 402 1831 1410 1914; baseline -0.013 -11"><span class='ocrx_word' id='word_1_76' title='bbox 402 1839 491 1903; x_wconf 86' lang='lat' dir='ltr'><strong>modi</strong></span> <span class='ocrx_word' id='word_1_77' title='bbox 505 1857 528 1899; x_wconf 85' lang='lat' dir='ltr'><strong>s.</strong></span> <span class='ocrx_word' id='word_1_78' title='bbox 543 1837 638 1914; x_wconf 74' lang='lat' dir='ltr'><strong>retes,</strong></span> <span class='ocrx_word' id='word_1_79' title='bbox 665 1847 702 1898; x_wconf 87' lang='lat' dir='ltr'><strong>ut</strong></span> <span class='ocrx_word' id='word_1_80' title='bbox 726 1835 882 1913; x_wconf 80' lang='lat' dir='ltr'><strong>dicerent3</strong></span> <span class='ocrx_word' id='word_1_81' title='bbox 910 1846 950 1897; x_wconf 87' lang='lat' dir='ltr'><strong>nt</strong></span> <span class='ocrx_word' id='word_1_82' title='bbox 965 1833 1042 1895; x_wconf 76' lang='lat' dir='ltr'><strong>adeo</strong></span> <span class='ocrx_word' id='word_1_83' title='bbox 1056 1835 1118 1896; x_wconf 86' lang='lat' dir='ltr'><strong>lioc</strong></span> <span class='ocrx_word' id='word_1_84' title='bbox 1133 1855 1174 1896; x_wconf 84' lang='lat' dir='ltr'><strong>ex</strong></span> <span class='ocrx_word' id='word_1_85' title='bbox 1186 1835 1242 1896; x_wconf 90' lang='lat' dir='ltr'><strong>illo</strong></span> <span class='ocrx_word' id='word_1_86' title='bbox 1258 1831 1410 1912; x_wconf 81' lang='lat' dir='ltr'><strong>consequi</strong></span> 
     </span>
     <span class='ocr_line' id='line_1_14' title="bbox 404 1938 1410 2026; baseline -0.013 -18"><span class='ocrx_word' id='word_1_87' title='bbox 404 1942 557 2026; x_wconf 76' lang='lat' dir='ltr'><strong>cogitetur</strong></span> <span class='ocrx_word' id='word_1_88' title='bbox 566 1941 1017 2026; x_wconf 72' lang='lat' dir='ltr'><strong>tanquamellectnsexcensrs‚</strong></span> <span class='ocrx_word' id='word_1_89' title='bbox 1038 1961 1106 2022; x_wconf 80' lang='lat' dir='ltr'><strong>quer</strong></span> <span class='ocrx_word' id='word_1_90' title='bbox 1113 1940 1240 2022; x_wconf 84' lang='lat' dir='ltr'><strong>quidem</strong></span> <span class='ocrx_word' id='word_1_91' title='bbox 1253 1938 1287 2004; x_wconf 87' lang='lat' dir='ltr'><strong>ie</strong></span> <span class='ocrx_word' id='word_1_92' title='bbox 1296 1957 1410 2000; x_wconf 85' lang='lat' dir='ltr'><strong>corum</strong></span> 
     </span>
     <span class='ocr_line' id='line_1_15' title="bbox 401 2045 1409 2131; baseline -0.015 -17"><span class='ocrx_word' id='word_1_93' title='bbox 401 2048 530 2131; x_wconf 83' lang='lat' dir='ltr'><strong>ingenio</strong></span> <span class='ocrx_word' id='word_1_94' title='bbox 543 2059 575 2110; x_wconf 89' lang='lat' dir='ltr'><strong>et</strong></span> <span class='ocrx_word' id='word_1_95' title='bbox 589 2049 892 2113; x_wconf 76' lang='lat' dir='ltr'><strong>moribnscernstur·</strong></span> <span class='ocrx_word' id='word_1_96' title='bbox 934 2047 1052 2110; x_wconf 76' lang='lat' dir='ltr'><strong>Contra</strong></span> <span class='ocrx_word' id='word_1_97' title='bbox 1060 2045 1114 2128; x_wconf 88' lang='lat' dir='ltr'><strong>qui</strong></span> <span class='ocrx_word' id='word_1_98' title='bbox 1123 2045 1217 2108; x_wconf 88' lang='lat' dir='ltr'><strong>dicit:</strong></span> <span class='ocrx_word' id='word_1_99' title='bbox 1235 2045 1409 2120; x_wconf 87' lang='lat' dir='ltr'><strong>„Fuerunt,</strong></span> 
     </span>
     <span class='ocr_line' id='line_1_16' title="bbox 340 2141 1411 2235; baseline -0.009 -21"><span class='ocrx_word' id='word_1_100' title='bbox 340 2141 345 2148; x_wconf 44' lang='lat'>⁵</span> <span class='ocrx_word' id='word_1_101' title='bbox 403 2155 460 2235; x_wconf 86' lang='lat' dir='ltr'><strong>qui</strong></span> <span class='ocrx_word' id='word_1_102' title='bbox 474 2153 619 2214; x_wconf 77' lang='lat' dir='ltr'><strong>dicebant</strong></span> <span class='ocrx_word' id='word_1_103' title='bbox 625 2147 661 2227; x_wconf 79' lang='lat'><strong>,“</strong></span> <span class='ocrx_word' id='word_1_104' title='bbox 687 2149 715 2209; x_wconf 85' lang='lat' dir='ltr'><strong>is</strong></span> <span class='ocrx_word' id='word_1_105' title='bbox 732 2149 780 2212; x_wconf 92' lang='lat' dir='ltr'><strong>nil</strong></span> <span class='ocrx_word' id='word_1_106' title='bbox 796 2149 858 2212; x_wconf 84' lang='lat' dir='ltr'><strong>nisi</strong></span> <span class='ocrx_word' id='word_1_107' title='bbox 876 2169 946 2210; x_wconf 83' lang='lat' dir='ltr'><strong>reni</strong></span> <span class='ocrx_word' id='word_1_108' title='bbox 960 2151 1075 2214; x_wconf 73' lang='lat' dir='ltr'><strong>tecum</strong></span> <span class='ocrx_word' id='word_1_109' title='bbox 1089 2171 1157 2214; x_wconf 83' lang='lat' dir='ltr'><strong>csse</strong></span> <span class='ocrx_word' id='word_1_110' title='bbox 1173 2149 1320 2222; x_wconf 71' lang='lat' dir='ltr'><strong>affirmet,</strong></span> <span class='ocrx_word' id='word_1_111' title='bbox 1343 2165 1411 2204; x_wconf 92' lang='lat' dir='ltr'><strong>non</strong></span> 
     </span>
     <span class='ocr_line' id='line_1_17' title="bbox 402 2242 1413 2338; baseline -0.009 -19"><span class='ocrx_word' id='word_1_112' title='bbox 402 2259 486 2320; x_wconf 78' lang='lat' dir='ltr'><strong>fecte</strong></span> <span class='ocrx_word' id='word_1_113' title='bbox 504 2242 731 2332; x_wconf 81' lang='lat' dir='ltr'><strong>tiguilloetione</strong></span> <span class='ocrx_word' id='word_1_114' title='bbox 757 2273 855 2314; x_wconf 78' lang='lat' dir='ltr'><strong>nexus</strong></span> <span class='ocrx_word' id='word_1_115' title='bbox 879 2253 965 2314; x_wconf 85' lang='lat' dir='ltr'><strong>illius</strong></span> <span class='ocrx_word' id='word_1_116' title='bbox 986 2256 1124 2334; x_wconf 83' lang='lat' dir='ltr'><strong>interni,</strong></span> <span class='ocrx_word' id='word_1_117' title='bbox 1159 2271 1222 2338; x_wconf 86' lang='lat' dir='ltr'><strong>quo</strong></span> <span class='ocrx_word' id='word_1_118' title='bbox 1243 2249 1413 2316; x_wconf 80' lang='lat' dir='ltr'><strong>sententies</strong></span> 
     </span>
     <span class='ocr_line' id='line_1_18' title="bbox 403 2355 1415 2440; baseline -0.004 -18"><span class='ocrx_word' id='word_1_119' title='bbox 403 2359 552 2440; x_wconf 76' lang='lat' dir='ltr'><strong>copulare</strong></span> <span class='ocrx_word' id='word_1_120' title='bbox 564 2355 650 2420; x_wconf 84' lang='lat' dir='ltr'><strong>licet</strong></span> <span class='ocrx_word' id='word_1_121' title='bbox 662 2357 715 2418; x_wconf 81' lang='lat' dir='ltr'><strong>Ex</strong></span> <span class='ocrx_word' id='word_1_122' title='bbox 730 2355 781 2418; x_wconf 81' lang='lat' dir='ltr'><strong>his</strong></span> <span class='ocrx_word' id='word_1_123' title='bbox 795 2367 899 2421; x_wconf 83' lang='lat' dir='ltr'><strong>entem</strong></span> <span class='ocrx_word' id='word_1_124' title='bbox 915 2367 1025 2438; x_wconf 83' lang='lat' dir='ltr'><strong>sponte</strong></span> <span class='ocrx_word' id='word_1_125' title='bbox 1041 2357 1241 2438; x_wconf 79' lang='lat' dir='ltr'><strong>intelligitur,</strong></span> <span class='ocrx_word' id='word_1_126' title='bbox 1268 2379 1415 2440; x_wconf 84' lang='lat' dir='ltr'><strong>saepenn-</strong></span> 
     </span>
     <span class='ocr_line' id='line_1_19' title="bbox 403 2458 1415 2544; baseline 0.005 -25"><span class='ocrx_word' id='word_1_127' title='bbox 403 2483 492 2528; x_wconf 77' lang='lat' dir='ltr'><strong>mero</strong></span> <span class='ocrx_word' id='word_1_128' title='bbox 510 2483 528 2526; x_wconf 78' lang='lat' dir='ltr'><strong>s</strong></span> <span class='ocrx_word' id='word_1_129' title='bbox 543 2459 731 2544; x_wconf 79' lang='lat' dir='ltr'><strong>scriptorum</strong></span> <span class='ocrx_word' id='word_1_130' title='bbox 743 2461 883 2542; x_wconf 81' lang='lat' dir='ltr'><strong>pendere</strong></span> <span class='ocrx_word' id='word_1_131' title='bbox 895 2458 1028 2526; x_wconf 77' lang='lat' dir='ltr'><strong>arbitrio</strong></span> <span class='ocrx_word' id='word_1_132' title='bbox 1036 2506 1046 2538; x_wconf 91' lang='lat'><strong><em>,</em></strong></span> <span class='ocrx_word' id='word_1_133' title='bbox 1069 2463 1287 2528; x_wconf 74' lang='lat' dir='ltr'><strong>coniunctivae</strong></span> <span class='ocrx_word' id='word_1_134' title='bbox 1300 2485 1341 2526; x_wconf 81' lang='lat' dir='ltr'><strong>cn</strong></span> <span class='ocrx_word' id='word_1_135' title='bbox 1358 2462 1415 2524; x_wconf 87' lang='lat' dir='ltr'><strong>in-</strong></span> 
     </span>
     <span class='ocr_line' id='line_1_20' title="bbox 402 2564 1416 2648; baseline 0.001 -21"><span class='ocrx_word' id='word_1_136' title='bbox 402 2564 556 2627; x_wconf 76' lang='lat' dir='ltr'><strong>dicativus</strong></span> <span class='ocrx_word' id='word_1_137' title='bbox 578 2577 730 2646; x_wconf 81' lang='lat' dir='ltr'><strong>ponetur,</strong></span> <span class='ocrx_word' id='word_1_138' title='bbox 755 2587 856 2648; x_wconf 84' lang='lat' dir='ltr'><strong>neque</strong></span> <span class='ocrx_word' id='word_1_139' title='bbox 869 2565 965 2628; x_wconf 83' lang='lat' dir='ltr'><strong>hodie</strong></span> <span class='ocrx_word' id='word_1_140' title='bbox 980 2565 1079 2628; x_wconf 82' lang='lat' dir='ltr'><strong>liccr&#39;e</strong></span> <span class='ocrx_word' id='word_1_141' title='bbox 1092 2565 1210 2648; x_wconf 89' lang='lat' dir='ltr'><strong>ubique</strong></span> <span class='ocrx_word' id='word_1_142' title='bbox 1222 2577 1308 2630; x_wconf 82' lang='lat' dir='ltr'><strong>certo</strong></span> <span class='ocrx_word' id='word_1_143' title='bbox 1315 2586 1416 2628; x_wconf 77' lang='lat' dir='ltr'><strong>mauu</strong></span> 
     </span>
     <span class='ocr_line' id='line_1_21' title="bbox 402 2669 1416 2752; baseline -0.002 -21"><span class='ocrx_word' id='word_1_144' title='bbox 402 2669 569 2732; x_wconf 84' lang='lat' dir='ltr'><strong>restituere</strong></span> <span class='ocrx_word' id='word_1_145' title='bbox 589 2672 758 2752; x_wconf 76' lang='lat' dir='ltr'><strong>genuinam</strong></span> <span class='ocrx_word' id='word_1_146' title='bbox 784 2681 818 2734; x_wconf 87' lang='lat' dir='ltr'><strong>et</strong></span> <span class='ocrx_word' id='word_1_147' title='bbox 838 2673 877 2734; x_wconf 80' lang='lat' dir='ltr'><strong>nb</strong></span> <span class='ocrx_word' id='word_1_148' title='bbox 898 2671 975 2752; x_wconf 81' lang='lat' dir='ltr'><strong>ipsis</strong></span> <span class='ocrx_word' id='word_1_149' title='bbox 999 2670 1215 2752; x_wconf 69' lang='lat' dir='ltr'><strong>scriptoribus·</strong></span> <span class='ocrx_word' id='word_1_150' title='bbox 1234 2671 1416 2752; x_wconf 76' lang='lat' dir='ltr'><strong>protectam</strong></span> 
     </span>
     <span class='ocr_line' id='line_1_22' title="bbox 402 2773 1416 2859; baseline 0.001 -22"><span class='ocrx_word' id='word_1_151' title='bbox 402 2773 590 2854; x_wconf 77' lang='lat' dir='ltr'><strong>teriptrnem</strong></span> <span class='ocrx_word' id='word_1_152' title='bbox 605 2776 645 2838; x_wconf 81' lang='lat' dir='ltr'><strong>iis</strong></span> <span class='ocrx_word' id='word_1_153' title='bbox 660 2773 748 2854; x_wconf 88' lang='lat' dir='ltr'><strong>locis,</strong></span> <span class='ocrx_word' id='word_1_154' title='bbox 767 2777 803 2839; x_wconf 89' lang='lat' dir='ltr'><strong>iu</strong></span> <span class='ocrx_word' id='word_1_155' title='bbox 818 2778 931 2859; x_wconf 88' lang='lat' dir='ltr'><strong>quibus</strong></span> <span class='ocrx_word' id='word_1_156' title='bbox 946 2779 1091 2841; x_wconf 87' lang='lat' dir='ltr'><strong>codicum</strong></span> <span class='ocrx_word' id='word_1_157' title='bbox 1107 2797 1202 2840; x_wconf 77' lang='lat' dir='ltr'><strong>manu</strong></span> <span class='ocrx_word' id='word_1_158' title='bbox 1220 2777 1416 2857; x_wconf 83' lang='lat' dir='ltr'><strong>scriptorum</strong></span> 
     </span>
     <span class='ocr_line' id='line_1_23' title="bbox 404 2881 1416 2964; baseline -0.001 -22"><span class='ocrx_word' id='word_1_159' title='bbox 404 2899 518 2960; x_wconf 75' lang='lat' dir='ltr'><strong>magns</strong></span> <span class='ocrx_word' id='word_1_160' title='bbox 532 2891 580 2943; x_wconf 80' lang='lat' dir='ltr'><strong>cst</strong></span> <span class='ocrx_word' id='word_1_161' title='bbox 596 2881 760 2944; x_wconf 73' lang='lat' dir='ltr'><strong>dissensio.</strong></span> <span class='ocrx_word' id='word_1_162' title='bbox 793 2881 920 2945; x_wconf 81' lang='lat' dir='ltr'><strong>Deinde</strong></span> <span class='ocrx_word' id='word_1_163' title='bbox 936 2903 1013 2946; x_wconf 84' lang='lat' dir='ltr'><strong>vcro</strong></span> <span class='ocrx_word' id='word_1_164' title='bbox 1028 2882 1122 2948; x_wconf 80' lang='lat' dir='ltr'><strong>etiem</strong></span> <span class='ocrx_word' id='word_1_165' title='bbox 1136 2883 1216 2945; x_wconf 89' lang='lat' dir='ltr'><strong>illud</strong></span> <span class='ocrx_word' id='word_1_166' title='bbox 1231 2891 1325 2964; x_wconf 80' lang='lat' dir='ltr'><strong>petet,</strong></span> <span class='ocrx_word' id='word_1_167' title='bbox 1339 2881 1416 2942; x_wconf 85' lang='lat' dir='ltr'><strong>&#39;non</strong></span> 
     </span>
     <span class='ocr_line' id='line_1_24' title="bbox 402 2983 1416 3068; baseline 0.003 -23"><span class='ocrx_word' id='word_1_168' title='bbox 402 2983 472 3045; x_wconf 85' lang='lat' dir='ltr'><strong>sinc</strong></span> <span class='ocrx_word' id='word_1_169' title='bbox 499 3005 605 3047; x_wconf 72' lang='lat' dir='ltr'><strong>canses</strong></span> <span class='ocrx_word' id='word_1_170' title='bbox 626 2985 742 3048; x_wconf 86' lang='lat' dir='ltr'><strong>idonce</strong></span> <span class='ocrx_word' id='word_1_171' title='bbox 763 2985 880 3050; x_wconf 76' lang='lat' dir='ltr'><strong>sectum</strong></span> <span class='ocrx_word' id='word_1_172' title='bbox 902 3007 985 3064; x_wconf 86' lang='lat' dir='ltr'><strong>esse,</strong></span> <span class='ocrx_word' id='word_1_173' title='bbox 1017 2997 1053 3049; x_wconf 89' lang='lat' dir='ltr'><strong>ut</strong></span> <span class='ocrx_word' id='word_1_174' title='bbox 1080 2999 1179 3068; x_wconf 69' lang='lat' dir='ltr'><strong>poete</strong></span> <span class='ocrx_word' id='word_1_175' title='bbox 1200 2985 1416 3050; x_wconf 79' lang='lat' dir='ltr'><strong>indicativum</strong></span> 
     </span>
     <span class='ocr_line' id='line_1_25' title="bbox 256 3071 1416 3176; baseline 0.002 -26"><span class='ocrx_word' id='word_1_176' title='bbox 256 3093 289 3168; x_wconf 43' lang='grc' dir='ltr'>ἦ</span> <span class='ocrx_word' id='word_1_177' title='bbox 352 3089 354 3092; x_wconf 75' lang='grc'><strong>’</strong></span> <span class='ocrx_word' id='word_1_178' title='bbox 398 3089 588 3174; x_wconf 77' lang='lat' dir='ltr'><strong>preferrent</strong></span> <span class='ocrx_word' id='word_1_179' title='bbox 602 3071 817 3158; x_wconf 81' lang='lat' dir='ltr'><strong>coniunctivo.</strong></span> <span class='ocrx_word' id='word_1_180' title='bbox 857 3091 940 3176; x_wconf 67' lang='lat' dir='ltr'><strong>Nom</strong></span> <span class='ocrx_word' id='word_1_181' title='bbox 953 3111 1083 3172; x_wconf 84' lang='lat' dir='ltr'><strong>poeseos</strong></span> <span class='ocrx_word' id='word_1_182' title='bbox 1095 3103 1157 3170; x_wconf 88' lang='lat' dir='ltr'><strong>cst,</strong></span> <span class='ocrx_word' id='word_1_183' title='bbox 1180 3091 1349 3153; x_wconf 83' lang='lat' dir='ltr'><strong>sententias</strong></span> <span class='ocrx_word' id='word_1_184' title='bbox 1367 3089 1416 3152; x_wconf 78' lang='lat' dir='ltr'><strong>ite</strong></span> 
     </span>
     <span class='ocr_line' id='line_1_26' title="bbox 403 3193 1416 3277; baseline 0.003 -22"><span class='ocrx_word' id='word_1_185' title='bbox 403 3213 592 3276; x_wconf 82' lang='lat' dir='ltr'><strong>proponere,</strong></span> <span class='ocrx_word' id='word_1_186' title='bbox 612 3203 649 3260; x_wconf 88' lang='lat' dir='ltr'><strong>ut</strong></span> <span class='ocrx_word' id='word_1_187' title='bbox 666 3195 766 3258; x_wconf 83' lang='lat' dir='ltr'><strong>veluti</strong></span> <span class='ocrx_word' id='word_1_188' title='bbox 782 3216 823 3258; x_wconf 85' lang='lat' dir='ltr'><strong>ex</strong></span> <span class='ocrx_word' id='word_1_189' title='bbox 835 3195 904 3277; x_wconf 81' lang='lat' dir='ltr'><strong>ipse</strong></span> <span class='ocrx_word' id='word_1_190' title='bbox 917 3217 1025 3262; x_wconf 84' lang='lat' dir='ltr'><strong>rerum</strong></span> <span class='ocrx_word' id='word_1_191' title='bbox 1040 3206 1193 3260; x_wconf 75' lang='lat' dir='ltr'><strong>naturast</strong></span> <span class='ocrx_word' id='word_1_192' title='bbox 1204 3193 1416 3260; x_wconf 74' lang='lat' dir='ltr'><strong>humanavite</strong></span> 
     </span>
     <span class='ocr_line' id='line_1_27' title="bbox 357 3298 1416 3386; baseline -0.002 -24"><span class='ocrx_word' id='word_1_193' title='bbox 357 3350 360 3368; x_wconf 81' lang='grc'>,</span> <span class='ocrx_word' id='word_1_194' title='bbox 402 3299 539 3380; x_wconf 75' lang='lat' dir='ltr'><strong>repetito</strong></span> <span class='ocrx_word' id='word_1_195' title='bbox 556 3298 735 3362; x_wconf 76' lang='lat' dir='ltr'><strong>videantur.</strong></span> <span class='ocrx_word' id='word_1_196' title='bbox 784 3301 833 3364; x_wconf 88' lang='lat' dir='ltr'><strong>Eo</strong></span> <span class='ocrx_word' id='word_1_197' title='bbox 849 3301 935 3362; x_wconf 80' lang='lat' dir='ltr'><strong>enim</strong></span> <span class='ocrx_word' id='word_1_198' title='bbox 952 3301 1004 3378; x_wconf 85' lang='lat' dir='ltr'><strong>fit,</strong></span> <span class='ocrx_word' id='word_1_199' title='bbox 1033 3310 1114 3364; x_wconf 88' lang='lat' dir='ltr'><strong>utet</strong></span> <span class='ocrx_word' id='word_1_200' title='bbox 1129 3301 1278 3386; x_wconf 64' lang='lat' dir='ltr'><strong>elatiores</strong></span> <span class='ocrx_word' id='word_1_201' title='bbox 1291 3301 1370 3361; x_wconf 81' lang='lat' dir='ltr'><strong>liant</strong></span> <span class='ocrx_word' id='word_1_202' title='bbox 1383 3309 1416 3360; x_wconf 84' lang='lat' dir='ltr'><strong>ct</strong></span> 
     </span>
     <span class='ocr_line' id='line_1_28' title="bbox 401 3401 1416 3468; baseline 0.003 -7"><span class='ocrx_word' id='word_1_203' title='bbox 401 3401 554 3464; x_wconf 68' lang='lat' dir='ltr'><strong>maiorem</strong></span> <span class='ocrx_word' id='word_1_204' title='bbox 582 3404 717 3464; x_wconf 74' lang='lat' dir='ltr'><strong>offerent</strong></span> <span class='ocrx_word' id='word_1_205' title='bbox 744 3403 995 3466; x_wconf 79' lang='lat' dir='ltr'><strong>delectationem.</strong></span> <span class='ocrx_word' id='word_1_206' title='bbox 1066 3405 1279 3468; x_wconf 72' lang='lat' dir='ltr'><strong>subtilitatem</strong></span> <span class='ocrx_word' id='word_1_207' title='bbox 1304 3411 1416 3464; x_wconf 75' lang='lat' dir='ltr'><strong>sutem</strong></span> 
     </span>
     <span class='ocr_line' id='line_1_29' title="bbox 401 3503 1416 3591; baseline -0.001 -27"><span class='ocrx_word' id='word_1_208' title='bbox 401 3503 505 3580; x_wconf 78' lang='lat' dir='ltr'><strong>illem,</strong></span> <span class='ocrx_word' id='word_1_209' title='bbox 533 3525 601 3588; x_wconf 77' lang='lat' dir='ltr'><strong>quae</strong></span> <span class='ocrx_word' id='word_1_210' title='bbox 615 3505 710 3567; x_wconf 83' lang='lat' dir='ltr'><strong>estin</strong></span> <span class='ocrx_word' id='word_1_211' title='bbox 725 3504 886 3566; x_wconf 81' lang='lat' dir='ltr'><strong>sententiis</strong></span> <span class='ocrx_word' id='word_1_212' title='bbox 911 3505 1013 3586; x_wconf 79' lang='lat' dir='ltr'><strong>logice</strong></span> <span class='ocrx_word' id='word_1_213' title='bbox 1036 3518 1161 3591; x_wconf 59' lang='grc' dir='ltr'><strong>ᾱκρῳμᾳ</strong></span> <span class='ocrx_word' id='word_1_214' title='bbox 1178 3506 1416 3582; x_wconf 78' lang='lat' dir='ltr'><strong>connectendis,</strong></span> 
     </span>
     <span class='ocr_line' id='line_1_30' title="bbox 291 3599 1416 3700; baseline 0 -31"><span class='ocrx_word' id='word_1_215' title='bbox 291 3693 294 3700; x_wconf 25' lang='grc' dir='ltr'><strong><em>Ι</em></strong></span> <span class='ocrx_word' id='word_1_216' title='bbox 345 3599 355 3614; x_wconf 78' lang='grc'><em>“</em></span> <span class='ocrx_word' id='word_1_217' title='bbox 398 3609 461 3671; x_wconf 80' lang='lat' dir='ltr'><strong>etsi</strong></span> <span class='ocrx_word' id='word_1_218' title='bbox 476 3629 539 3672; x_wconf 89' lang='lat' dir='ltr'><strong>non</strong></span> <span class='ocrx_word' id='word_1_219' title='bbox 553 3609 700 3692; x_wconf 81' lang='lat' dir='ltr'><strong>negligit,</strong></span> <span class='ocrx_word' id='word_1_220' title='bbox 728 3619 834 3670; x_wconf 71' lang='lat' dir='ltr'><strong>umen</strong></span> <span class='ocrx_word' id='word_1_221' title='bbox 853 3629 919 3671; x_wconf 86' lang='lat' dir='ltr'><strong>non</strong></span> <span class='ocrx_word' id='word_1_222' title='bbox 932 3609 977 3671; x_wconf 79' lang='lat' dir='ltr'><strong>ite</strong></span> <span class='ocrx_word' id='word_1_223' title='bbox 995 3621 1148 3683; x_wconf 80' lang='lat' dir='ltr'><strong>sectetur,</strong></span> <span class='ocrx_word' id='word_1_224' title='bbox 1175 3607 1305 3674; x_wconf 86' lang='lat' dir='ltr'><strong>utnolit</strong></span> <span class='ocrx_word' id='word_1_225' title='bbox 1323 3607 1416 3669; x_wconf 80' lang='lat' dir='ltr'><strong>rivi-</strong></span> 
     </span>
     <span class='ocr_line' id='line_1_31' title="bbox 400 3711 1416 3795; baseline -0.002 -17"><span class='ocrx_word' id='word_1_226' title='bbox 400 3713 523 3778; x_wconf 85' lang='lat' dir='ltr'><strong>diorcrn</strong></span> <span class='ocrx_word' id='word_1_227' title='bbox 539 3727 572 3778; x_wconf 88' lang='lat' dir='ltr'><strong>et</strong></span> <span class='ocrx_word' id='word_1_228' title='bbox 585 3713 804 3778; x_wconf 83' lang='lat' dir='ltr'><strong>iucundiorem</strong></span> <span class='ocrx_word' id='word_1_229' title='bbox 820 3713 946 3785; x_wconf 82' lang='lat' dir='ltr'><strong>dicendi</strong></span> <span class='ocrx_word' id='word_1_230' title='bbox 959 3713 1113 3778; x_wconf 76' lang='lat' dir='ltr'><strong>rationem</strong></span> <span class='ocrx_word' id='word_1_231' title='bbox 1122 3711 1284 3795; x_wconf 72' lang='lat' dir='ltr'><strong>preferre.</strong></span> <span class='ocrx_word' id='word_1_232' title='bbox 1330 3713 1416 3792; x_wconf 79' lang='lat' dir='ltr'><strong>Quas</strong></span> 
     </span>
     <span class='ocr_line' id='line_1_32' title="bbox 405 3811 1416 3899; baseline -0.004 -15"><span class='ocrx_word' id='word_1_233' title='bbox 405 3841 477 3884; x_wconf 87' lang='lat' dir='ltr'><strong>cum</strong></span> <span class='ocrx_word' id='word_1_234' title='bbox 492 3821 537 3882; x_wconf 86' lang='lat' dir='ltr'><strong>its</strong></span> <span class='ocrx_word' id='word_1_235' title='bbox 550 3819 623 3899; x_wconf 70' lang='lat' dir='ltr'><strong>sint,</strong></span> <span class='ocrx_word' id='word_1_236' title='bbox 643 3811 915 3899; x_wconf 76' lang='lat' dir='ltr'><strong>temereprefeeto</strong></span> <span class='ocrx_word' id='word_1_237' title='bbox 932 3841 1023 3884; x_wconf 87' lang='lat' dir='ltr'><strong>nsum</strong></span> <span class='ocrx_word' id='word_1_238' title='bbox 1039 3817 1203 3884; x_wconf 71' lang='lat' dir='ltr'><strong>indicativi</strong></span> <span class='ocrx_word' id='word_1_239' title='bbox 1219 3839 1238 3879; x_wconf 91' lang='lat' dir='ltr'><strong>e</strong></span> <span class='ocrx_word' id='word_1_240' title='bbox 1254 3817 1321 3881; x_wconf 78' lang='lat' dir='ltr'><strong>sole</strong></span> <span class='ocrx_word' id='word_1_241' title='bbox 1334 3819 1416 3884; x_wconf 80' lang='lat' dir='ltr'><strong>ioti-</strong></span> 
     </span>
     <span class='ocr_line' id='line_1_33' title="bbox 400 3922 1416 4012; baseline -0.002 -22"><span class='ocrx_word' id='word_1_242' title='bbox 400 3929 519 3990; x_wconf 77' lang='lat' dir='ltr'><strong>tatione</strong></span> <span class='ocrx_word' id='word_1_243' title='bbox 543 3934 708 4012; x_wconf 67' lang='lat' dir='ltr'><strong>poeterum</strong></span> <span class='ocrx_word' id='word_1_244' title='bbox 730 3922 1064 3990; x_wconf 76' lang='lat' dir='ltr'><strong>Graeeoeueeilnxirse</strong></span> <span class='ocrx_word' id='word_1_245' title='bbox 1093 3922 1307 4000; x_wconf 74' lang='lat' dir='ltr'><strong>arbitrentur,</strong></span> <span class='ocrx_word' id='word_1_246' title='bbox 1343 3945 1416 4004; x_wconf 81' lang='lat' dir='ltr'><strong>quus</strong></span> 
     </span>
     <span class='ocr_line' id='line_1_34' title="bbox 403 4027 1416 4116; baseline -0.003 -25"><span class='ocrx_word' id='word_1_247' title='bbox 403 4032 467 4110; x_wconf 76' lang='lat' dir='ltr'><strong>ulei</strong></span> <span class='ocrx_word' id='word_1_248' title='bbox 486 4051 558 4116; x_wconf 84' lang='lat' dir='ltr'><strong>curn</strong></span> <span class='ocrx_word' id='word_1_249' title='bbox 571 4027 620 4090; x_wconf 87' lang='lat' dir='ltr'><strong>rei</strong></span> <span class='ocrx_word' id='word_1_250' title='bbox 635 4038 747 4089; x_wconf 78' lang='lat' dir='ltr'><strong>nature</strong></span> <span class='ocrx_word' id='word_1_251' title='bbox 761 4028 955 4105; x_wconf 81' lang='lat' dir='ltr'><strong>conveniret,</strong></span> <span class='ocrx_word' id='word_1_252' title='bbox 976 4049 1017 4092; x_wconf 90' lang='lat' dir='ltr'><strong>ne</strong></span> <span class='ocrx_word' id='word_1_253' title='bbox 1031 4032 1136 4095; x_wconf 87' lang='lat' dir='ltr'><strong>locum</strong></span> <span class='ocrx_word' id='word_1_254' title='bbox 1151 4027 1277 4114; x_wconf 85' lang='lat' dir='ltr'><strong>quidem</strong></span> <span class='ocrx_word' id='word_1_255' title='bbox 1293 4029 1416 4090; x_wconf 81' lang='lat' dir='ltr'><strong>habere</strong></span> 
     </span>
     <span class='ocr_line' id='line_1_35' title="bbox 401 4129 1416 4214; baseline -0.002 -20"><span class='ocrx_word' id='word_1_256' title='bbox 401 4133 583 4196; x_wconf 78' lang='lat' dir='ltr'><strong>ullomodo</strong></span> <span class='ocrx_word' id='word_1_257' title='bbox 604 4135 739 4214; x_wconf 80' lang='lat' dir='ltr'><strong>posset.“</strong></span> <span class='ocrx_word' id='word_1_258' title='bbox 779 4133 827 4194; x_wconf 77' lang='lat' dir='ltr'><strong>Ite</strong></span> <span class='ocrx_word' id='word_1_259' title='bbox 847 4133 927 4196; x_wconf 87' lang='lat' dir='ltr'><strong>bene</strong></span> <span class='ocrx_word' id='word_1_260' title='bbox 943 4133 1002 4197; x_wconf 82' lang='lat' dir='ltr'><strong>hec</strong></span> <span class='ocrx_word' id='word_1_261' title='bbox 1016 4137 1050 4198; x_wconf 87' lang='lat' dir='ltr'><strong>in</strong></span> <span class='ocrx_word' id='word_1_262' title='bbox 1066 4159 1102 4200; x_wconf 89' lang='lat' dir='ltr'><strong>re</strong></span> <span class='ocrx_word' id='word_1_263' title='bbox 1122 4137 1162 4198; x_wconf 89' lang='lat' dir='ltr'><strong>G.</strong></span> <span class='ocrx_word' id='word_1_264' title='bbox 1181 4129 1355 4198; x_wconf 80' lang='lat' dir='ltr'><strong>Stollbenm</strong></span> <span class='ocrx_word' id='word_1_265' title='bbox 1373 4133 1416 4192; x_wconf 84' lang='lat' dir='ltr'><strong>ad</strong></span> 
     </span>
     <span class='ocr_line' id='line_1_36' title="bbox 403 4237 1416 4322; baseline 0.002 -25"><span class='ocrx_word' id='word_1_266' title='bbox 403 4237 467 4308; x_wconf 76' lang='lat' dir='ltr'><strong>Th,</strong></span> <span class='ocrx_word' id='word_1_267' title='bbox 483 4237 697 4304; x_wconf 79' lang='lat' dir='ltr'><strong>Reddirnanni</strong></span> <span class='ocrx_word' id='word_1_268' title='bbox 712 4241 788 4300; x_wconf 79' lang='lat' dir='ltr'><strong>test</strong></span> <span class='ocrx_word' id='word_1_269' title='bbox 806 4239 913 4306; x_wconf 76' lang='lat' dir='ltr'><strong>Greci.</strong></span> <span class='ocrx_word' id='word_1_270' title='bbox 930 4239 1000 4302; x_wconf 72' lang='lat' dir='ltr'><strong>Les</strong></span> <span class='ocrx_word' id='word_1_271' title='bbox 1022 4243 1060 4306; x_wconf 87' lang='lat'><strong>11.</strong></span> <span class='ocrx_word' id='word_1_272' title='bbox 1076 4245 1194 4322; x_wconf 75' lang='lat' dir='ltr'><strong>p..349.</strong></span> <span class='ocrx_word' id='word_1_273' title='bbox 1217 4241 1307 4321; x_wconf 81' lang='lat' dir='ltr'><strong>Lips.</strong></span> <span class='ocrx_word' id='word_1_274' title='bbox 1319 4241 1416 4308; x_wconf 77' lang='lat'>1823.</span> 
     </span>
     <span class='ocr_line' id='line_1_37' title="bbox 405 4339 1416 4438; baseline 0 -38"><span class='ocrx_word' id='word_1_275' title='bbox 405 4339 457 4400; x_wconf 70' lang='grc' dir='ltr'><strong>(Ξῖ.</strong></span> <span class='ocrx_word' id='word_1_276' title='bbox 478 4351 593 4420; x_wconf 72' lang='lat' dir='ltr'><strong>proter·</strong></span> <span class='ocrx_word' id='word_1_277' title='bbox 614 4343 782 4424; x_wconf 82' lang='lat' dir='ltr'><strong>scriptores</strong></span> <span class='ocrx_word' id='word_1_278' title='bbox 803 4344 842 4408; x_wconf 76' lang='lat' dir='ltr'><strong>sb</strong></span> <span class='ocrx_word' id='word_1_279' title='bbox 864 4363 902 4403; x_wconf 88' lang='lat' dir='ltr'><strong>eo</strong></span> <span class='ocrx_word' id='word_1_280' title='bbox 925 4341 1084 4408; x_wconf 77' lang='lat' dir='ltr'><strong>laudatos:</strong></span> <span class='ocrx_word' id='word_1_281' title='bbox 1098 4349 1147 4411; x_wconf 88' lang='lat' dir='ltr'><strong>.C.</strong></span> <span class='ocrx_word' id='word_1_282' title='bbox 1163 4349 1202 4410; x_wconf 86' lang='lat' dir='ltr'><strong>G.</strong></span> <span class='ocrx_word' id='word_1_283' title='bbox 1218 4343 1416 4438; x_wconf 74' lang='lat' dir='ltr'><strong>Zumptiunr,</strong></span> 
     </span>
     <span class='ocr_line' id='line_1_38' title="bbox 403 4443 1071 4530; baseline 0.009 -24"><span class='ocrx_word' id='word_1_284' title='bbox 403 4445 474 4506; x_wconf 79' lang='lat' dir='ltr'><strong>Lot.</strong></span> <span class='ocrx_word' id='word_1_285' title='bbox 489 4443 705 4526; x_wconf 73' lang='lat' dir='ltr'><strong>Grammatik,</strong></span> <span class='ocrx_word' id='word_1_286' title='bbox 726 4446 830 4512; x_wconf 84' lang='lat' dir='ltr'><strong>Berol.</strong></span> <span class='ocrx_word' id='word_1_287' title='bbox 850 4445 939 4520; x_wconf 79' lang='lat' dir='ltr'><strong>r&#39;824.</strong></span> <span class='ocrx_word' id='word_1_288' title='bbox 955 4453 1071 4530; x_wconf 76' lang='lat' dir='ltr'><strong>p.413.</strong></span> 
     </span>
    </p>
   </div>
   <div class='ocr_carea' id='block_1_6' title="bbox 0 0 1471 5206">
    <p class='ocr_par' dir='ltr' id='par_1_7' title="bbox 0 0 1471 5206">
     <span class='ocr_line' id='line_1_39' title="bbox 0 0 1471 5206; baseline 0 0"><span class='ocrx_word' id='word_1_289' title='bbox 0 0 1471 5206; x_wconf 95' lang='lat' dir='ltr'><strong> </strong></span> 
     </span>
    </p>
   </div>
  </div>
 </body>
</html>
