2938 5208
584 201 595 260 l

425 462 429 475 .
532 427 620 480 sar.
644 431 715 498 vn,
740 410 773 480 6.
1132 415 1204 512 497

118 553 1208 588 nam-..m

118 711 200 762 curn
215 711 303 760 voce
316 686 449 758 locuti“
462 681 531 760 &o
583 685 683 780 Quid
699 709 788 760 vero
810 690 975 784 egregios
997 691 1127 785 lusisse
1142 717 1206 764 ra-

117 819 212 894 nas?
260 823 319 894 Sic
340 823 367 894 l.
389 823 431 894 F.
455 821 664 894 Gronovius
685 823 883 916 interrogat
903 823 982 894 Nic.
997 823 1207 916 Heinsium,

116 955 203 1050 Syll.
219 957 332 1050 Epist·
348 955 404 1028 ed.
421 956 664 1068 aliunnanuo
680 955 725 1028 Τ.
745 959 778 1028 5.
797 979 833 1050 p.
854 959 912 1028 52.
958 961 1067 1052 „Quo
1091 962 1206 1054 magis
1233 1047 1235 1056 Ι
1265 1007 1268 1014 ,

117 1081 271 1185 cogito‚“
284 1091 334 1160 ita
348 1060 486 1186 pergit,
511 1113 580 1179 „eo
597 1091 793 1164 crassiores
808 1091 1081 1192 milritenebroe.
1126 1095 1205 1166 Nec

117 1227 163 1296 ad
184 1247 329 1296 manum
351 1223 468 1296 habeo
489 1225 712 1314 Oornutum,
744 1217 827 1320 qui,
859 1227 929 1299 nisi
950 1221 1207 1310 ὅποροιιμαιοε

116 1369 229 1448 esset,
257 1360 356 1431 solus
386 1360 519 1432 docere
540 1382 607 1431 nos
624 1359 696 1432 hoc
717 1373 897 1434 secretum
914 1373 1044 1456 posset
1103 1365 1206 1456 Quid

117 1489 302 1568 dicemus?
326 1517 373 1566 en
387 1494 573 1588 scripsisse
586 1494 695 1572 istum
709 1495 755 1566 de
771 1493 898 1566 studiis
913 1491 1119 1570 maiorum?
1144 1508 1206 1567 aut

116 1629 329 1722 explicuisse
352 1627 435 1700 ritae
460 1627 577 1700 officia
600 1623 797 1724 etpertes?
845 1627 938 1701 Sane
959 1641 1095 1702 certum
1117 1631 1204 1728 quid

14 1779 17 1796 ·
98 1761 273 1832 ·ncsoio.“
322 1763 517 1853 Comanis,
540 1787 648 1858 quern
662 1763 928 1856 supposititium
944 1765 1074 1836 merito
1087 1775 1205 1854 vocat,

114 1893 211 1965 sicco
233 1897 328 1990 pede
348 1895 471 1968 locum
496 1897 646 1970 transiit
703 1895 816 1982 Reiz,
837 1895 981 1992 Koenig
1002 1909 1039 1970 et
1058 1900 1205 1971 Passow

115 2028 240 2122 legunt
259 2033 486 2128 „egregius,“
505 2029 716 2106 Bentleiauu
746 2028 845 2100 ducii
873 2031 1101 2122 oorriecturc,
1139 2034 1205 2103 sed

114 2161 218 2233 nullo
233 2167 455 2258 approbante
470 2166 603 2238 codice.
628 2163 675 2238 At
690 2163 831 2251 lusisse,
849 2175 890 2234 ut
902 2167 1061 2260 reliquos
1077 2167 1205 2240 inlini-

112 2299 220 2389 tivos‚
242 2321 367 2374 esoce
382 2297 687 2396 opifexpendere,
703 2307 802 2369 recte
817 2299 1204 2387 observavitOrellins,
1301 2391 1304 2400 ,

114 2432 178 2524 qui
196 2430 266 2502 hoc
286 2433 439 2506 verbum
462 2431 507 2500 od
527 2453 641 2502 unum
665 2431 837 2502 duntaxat
855 2431 1091 2509 referendum
1104 2437 1206 2508 Bassi
1294 2500 1296 2511 .

113 2587 281 2657 carmen,
303 2568 442 2660 egregii
454 2565 551 2638 senis
563 2534 755 2636 honesturn
771 2567 884 2636 otium
902 2567 1098 2656 celebrans,
1121 2572 1205 2639 cxi·
1267 2533 1274 2544 ι

114 2700 245 2768 stimat.
295 2698 454 2790 Koenig,
479 2695 642 2790 quumvis
657 2691 788 2787 legerit
800 2699 1023 2792 ‚,egregius,“
1035 2701 1129 2772 haue
1144 2713 1205 2772 ta-

116 2853 201 2903 mon
222 2829 398 2902 rationem
415 2825 594 2918 vulgatam
609 2825 803 2898 lectionem
818 2831 1000 2902 retinendi
1016 2835 1206 2934 proponit:

117 2963 289 3052 „Ludere
302 2982 404 3032 senes
422 2969 475 3032 est
490 2981 596 3055 agere
612 2981 716 3030 senes
734 2979 800 3030 seu
823 2961 982 3034 similare
1004 2988 1130 3058 senos3
1152 2969 1206 3041 sic

117 3099 191 3168 Cic.
215 3098 262 3169 ad
282 3094 428 3170 Divers.
456 3095 490 3182 8,
512 3115 545 3186 9.
579 3091 741 3184 „bonum
765 3093 879 3168 civem
902 3094 1064 3190 ludere,“
1098 3114 1206 3196 atque
1289 3193 1294 3200 .

118 3255 225 3327 agere
253 3253 318 3304 ssu
345 3227 505 3301 similare
527 3249 633 3300 senes
652 3237 705 3300 est
725 3249 854 3300 secura
874 3239 996 3322 partes
1014 3235 1205 3324 sustinere,

118 3389 199 3462 quae
214 3363 346 3438 suntin
360 3361 542 3436 hortando
557 3373 592 3434 et
606 3361 790 3436 monendo
803 3363 940 3456 positae.
970 3365 1207 3464 Intelligenda

117 3501 238 3596 itaque
261 3510 344 3570 sunt
366 3500 528 3570 carmina
541 3497 650 3594 paulo
666 3496 863 3572 severioris
876 3500 1039 3593 generis,
1064 3503 1103 3574 in
1118 3503 1206 3598 qui--⁴

115 3635 185 3705 bus
198 3657 325 3706 senum
338 3655 530 3727 personam
545 3631 664 3704 induit
670 3632 812 3724 Bassus,
827 3632 873 3705 ad
887 3632 1108 3706 iuventutem
1123 3635 1205 3706 vir-

115 3778 232 3838 tutum
254 3769 446 3860 praeceptis
464 3763 715 3858 imbuendum
747 3765 846 3860 quod
866 3767 1068 3838 carminum
1090 3787 1206 3860 genus

118 3901 263 3996 egregio
277 3901 456 3973 indicetur
471 3921 541 3994 per
547 3899 687 4000 pollice
698 3897 864 3987 honesto,
888 3909 995 3994 atquo
1007 3901 1204 3994 opponitur

116 4035 188 4107 illis
202 4035 420 4110 iuvenilibus
434 4037 559 4107 iocis.“
609 4035 703 4127 Quae
726 4033 978 4128 interpretatio
999 4035 1205 4108 eonomine
1272 4017 1278 4042 ⁸

117 4169 299 4262 displicet,
324 4169 422 4264 quod
440 4169 616 4258 „ludere“
639 4167 710 4239 hoc
732 4191 841 4240 sensu
861 4179 898 4240 et
920 4169 1093 4242 ordilonis
1107 4172 1205 4242 serie
1312 4201 1323 4214 ·

116 4305 283 4397 putidum
296 4303 474 4419 videatur,
500 4327 583 4376 cum
600 4301 713 4375 attero
729 4301 953 4394 significatio,
977 4307 1039 4378 nbi
1054 4309 1099 4378 de
1115 4327 1203 4380 rcr-

117 4439 215 4511 sibus
230 4449 369 4534 agatur,
395 4435 669 4530 simplicissima,
694 4459 766 4531 qus
779 4437 916 4509 scilicet
929 4441 1060 4514 ludere
1070 4441 1203 4510 dicitur

964 4545 1003 4602 32
