2984 5204
469 477 473 495 ⁸
524 461 872 588 uslt'r.tr.,'8ll-90.
1181 503 1253 597 4¹9

165 769 319 856 habens,
353 771 553 862 quomodot'
586 793 654 866 ego
676 792 755 840 sum
781 795 895 844 meus.
946 775 1155 868 Euripides:
1189 789 1254 861 lya

166 913 203 972 ts
220 913 302 985 ιμιι
319 913 397 986 ειμι.
448 903 518 977 Sed
540 904 703 999 quamvis
716 913 790 975 non
809 918 928 978 careat
943 909 1103 998 ratione,
1134 921 1255 986 tumen

167 1044 204 1114 in
216 1065 283 1112 usu
299 1061 372 1111 non
388 1041 478 1110 ast.“
528 1039 637 1132 Quod
651 1041 790 1111 veroin
804 1027 947 1130 usu'sit,
969 1047 1161 1143 ostendunt
1175 1049 1256 1121 loca

167 1177 255 1250 Ter.
278 1157 426 1246 Pho'rm.
450 1177 486 1261 4,
516 1197 547 1263 ι,
570 1195 627 1247 ιι.
652 1175 758 1248 oud.
779 1175 925 1248 Metam.
946 1199 1001 1266 ιι,
1020 1183 1102 1272 725.
1126 1183 1253 1256 Seuer.

166 1311 235 1404 Ep.
253 1311 312 1399 42,
328 1333 362 1404 7.
377 1301 444 1402 '7r,
461 1307 519 1378 35.
571 1307 767 1380 Masurius
789 1310 961 1400 Sabinus,
987 1329 1096 1406 eques
1113 1311 1256 1390 Roma-

168 1464 255 1532 nus,
278 1441 410 1515 nobilis
426 1435 703 1519 iurisconsultus
720 1445 787 1516 sub
803 1443 977 1534 Tiberio,
1002 1433 1157 1541 scriptor
1178 1451 1256 1522 Fu-

167 1589 325 1668 storum,
361 1575 449 1648 Rer.
480 1575 787 1666 memorabilium,
827 1579 1176 1654 Commentariorum
1207 1585 1256 1658 de

167 1713 363 1808 anagasti,
387 1713 434 1784 aa
448 1711 532 1784 rure
548 1709 726 1802 creusae
741 1711 858 1784 ruas.
908 1713 967 1788 ne
984 1739 1029 1788 eo
1044 1711 1253 1790 Athenaeus:
1321 1679 1325 1694 '

169 1863 351 1928 Mareotae
367 1855 382 1912 ὅ
399 1873 511 1913 nassa
528 1851 648 1928 doceas
664 1879 722 1914 aaa
739 1875 860 1932 οοφοι,
886 1880 946 1917 aas
963 1878 1028 1957 γαρ
1046 1881 1161 1934 repas
1178 1865 1256 1936 Ιξη.

167 1995 272 2054 γηιηι
293 1975 610 2048 idssoaiaoasooa,
643 1997 703 2036 aas
731 1994 814 2051 περι
844 1999 994 2052 praesare
1016 1979 1257 2055 {adnotarem
1286 1993 1290 2012 ¹
1341 1995 1350 2006 “

167 2114 237 2186 dae,
280 2109 859 2188 daurasyaesassasdayasaa.
907 2105 1256 2200 Deipnos.14‚18.

168 2239 219 2312 Ut
230 2239 377 2311 Persius
390 2238 427 2310 h.
443 2241 466 2312 l.
481 2237 532 2310 ita
546 2205 682 2310 Plinius
691 2237 822 2326 Maior,
847 2239 987 2310 Gellius
1001 2253 1036 2312 et
1046 2228 1258 2314 Macrobius

167 2373 320 2446 subinde
335 2375 380 2445 ad
396 2394 480 2445 amn
493 2379 701 2466 provocant.
753 2341 919 2444 Rubriae
944 2395 966 2443 a
987 2373 1102 2444 rubro
1119 2361 1267 2464 colore,

168 2529 242 2604 qno
262 2515 405 2581 veteres
426 2488 890 2600 tituloruminscriptiones
911 2507 968 2580 vel
997 2509 1115 2602 capita
1136 2473 1258 2604 legum

167 2643 380 2738 consignare
394 2639 566 2716 solebant
591 2641 690 2714 Hinc
703 2639 1041 2735 luvenalisrlflge.
1082 2641 1259 2736 „Perlege

168 2775 298 2845 rubras
311 2775 495 2846 Malorum
517 2773 652 2866 leges.“
699 2772 833 2869 Flebat=
848 2771 920 2842 boe
942 2773 1177 2844 distinctionis
1196 2771 1259 2843 fa·-

170 2905 307 2978 cilioris
323 2917 359 2976 et
379 2907 566 2977 memoriae
580 2905 747 2978 iuvandae
770 2927 914 2993 caussa,
945 2905 1067 2977 sorsun
1088 2903 1196 2978 etlam
1217 2913 1261 2978 nt

170 3041 337 3113 maiestas
358 3037 497 3134 legibus
521 3037 734 3126 adderetur,
756 3037 854 3132 quod
875 3039 1097 3111 Prudentius
1117 3037 1260 3132 siguifi-
1314 3054 1319 3062 ·

171 3198 255 3246 care
270 3175 431 3248 videtur:
473 3171 646 3264 „Dieant,
670 3193 736 3242 cur
758 3171 902 3242 condita
923 3171 971 3243 sit
992 3167 1051 3242 lex
1064 3169 1125 3243 Bis
1141 3192 1206 3241 sex
1221 3171 1261 3242 iu

171 3307 320 3397 tabulis,
348 3318 410 3379 aut
431 3315 498 3378 eur
519 3303 668 3377 rubrica
683 3303 862 3396 minetur,
888 3325 970 3400 quae
984 3303 1156 3398 probibet
1168 3325 1262 3399 pec-

171 3465 256 3515 care
279 3441 397 3524 reos.“
422 3440 462 3514 iu
483 3429 619 3538 Symm.
636 3460 671 3531 a,
692 3439 775 3512 460.
814 3437 1078 3534 Quinctilianus
1091 3437 1175 3511 Inst.
1194 3437 1262 3511 Or)

175 3581 283 3672 rs,'5‚
303 3601 358 3650 ιι.
384 3601 467 3652 cum
482 3576 611 3667 „albo“
625 3571 794 3648 rubricas
805 3571 1013 3668 coniungit,
1039 3595 1194 3666 quorum
1212 3569 1264 3641 il-

172 3713 236 3785 lud
255 3713 425 3805 praetoris
446 3722 545 3798 erat,
582 3705 642 3780 hae
669 3709 1017 3780 iurisconsultorum.
1076 3707 1264 3796 Quantum

172 3846 323 3917 libertus
338 3855 479 3934 noster,
501 3843 561 3918 vel
585 3841 664 3934 ipsa
679 3840 884 3913 conditione
904 3840 988 3912 vitae
1009 3835 1174 3928 legaliter
1188 3835 1264 3906 lto-

173 3989 282 4050 nestae
297 3979 505 4072 syllogismo
523 4000 589 4050 suo
605 3953 746 4062 addita,
775 3999 798 4044 a
813 3945 907 4048 ⁸uera
928 3969 1093 4053 libertate
1116 3971 1263 4058 abesset,

156 4113 305 4186 „Cicero
328 4111 353 4182 1.
377 4112 435 4183 cit
461 4113 584 4197 docet,
617 4107 680 4178 ubi
700 4109 899 4200 sapientem
923 4099 1168 4198 dioit'legtbus
1188 4129 1265 4178 ιιοιι

173 4257 328 4342 propter
350 4259 487 4318 metum
511 4263 663 4338 parere,
691 4239 754 4310 aed
769 4252 831 4311 aas
845 4239 948 4335 sequi
965 4249 1000 4310 et
1014 4240 1154 4329 colere,
1179 4241 1266 4333 quia

174 4381 214 4453 id
228 4381 385 4456 salutare
401 4379 557 4452 maxime
574 4399 652 4447 ease
669 4367 812 4448 iudicat.
865 4371 957 4452 Huc¹
971 4385 1134 4471 spectant
1154 4371 1267 4448 rerba

173 4509 340 4592 Senecae:
367 4513 674 4608 „Quamangusta
688 4509 894 4580 innocentia
907 4519 983 4596 est,
1006 4509 1051 4580 ad
1064 4509 1180 4601 legem
1194 4505 1266 4575 bo-

808 4640 811 4651 .
992 4625 1038 4682 ‚7
1050 4607 1063 4636 t
