3052 5202
188 722 274 770 rum
299 679 423 768 ridens
445 697 628 792 satiricus,
665 698 764 770 Deos
793 699 833 782 in
855 721 992 794 genere
1013 700 1142 774 fratres
1166 708 1276 781 ainos

132 833 149 856 '
190 831 333 902 dixerit
385 831 553 925 Plerique
573 844 694 942 tanuen
715 843 877 908 veterem
896 834 1278 925 sequunturSoholia-

189 975 293 1052 sten,
313 966 375 1058 qui
388 965 467 1091 ltaec
482 966 608 1040 habet:
640 968 785 1056 „Acron
799 967 928 1054 tradit,
953 970 1052 1063 quod
1073 970 1111 1044 iu
1133 971 1280 1064 porticu

189 1099 343 1196 quadam
364 1098 542 1194 Apollinis
575 1101 662 1186 [L]
689 1104 892 1174 Danaidum
915 1103 1067 1195 effigies,
1093 1117 1129 1176 et
1150 1115 1277 1178 contra
1320 1105 1322 1114 '

175 1217 247 1330 eae
265 1231 331 1302 sub
347 1233 432 1306 divo
453 1225 610 1305 totidem
622 1246 806 1332 equestres
824 1235 985 1310 filiorum
1007 1237 1168 1334 AEgistlti.
1220 1241 1277 1312 Ex

188 1366 233 1436 iis
251 1377 372 1438 autem
386 1368 512 1444 statius
525 1369 690 1460 quaedam
706 1368 916 1440 dicebantur
936 1371 1197 1462 postulantibus
1212 1393 1278 1462 per

190 1521 360 1570 somnum
373 1497 462 1571 dare
480 1493 636 1572 oracula.
683 1499 756 1573 Alii
777 1511 896 1572 autem
917 1501 1049 1579 fratres
1064 1505 1173 1574 aenos
1188 1503 1279 1578 Pol·
1410 1493 1428 1586 ,’

189 1628 308 1705 lucem
327 1643 364 1705 et
379 1635 584 1724 Castorem,
609 1635 671 1730 qui
686 1635 811 1728 utique
824 1633 955 1708 fratres
970 1636 1128 1726 fuerunt,
1155 1613 1191 1707 et
1206 1636 1279 1710 ali·
1376 1709 1378 1714 .

190 1769 336 1858 quando
352 1769 619 1858 noctePersen,
630 1769 855 1842 Macedoniae
870 1795 1005 1866 regem,
1021 1773 1279 1845 mmtiavertml

189 1902 355 1974 rictumt·
384 1905 425 1977 in
455 1923 616 1996 quorum
644 1903 780 1996 templo
810 1905 1036 1975 somniorum
1062 1907 1279 1998 interpretes

187 2038 315 2108 haberi
339 2023 478 2126 solent,
511 2039 575 2131 qui
594 2060 707 2132 puros
721 2063 742 2108 a
756 2027 885 2131 pituita
897 2038 994 2110 visus
1008 2036 1198 2110 hominum
1209 2064 1279 2111 ex·-

185 2169 412 2262 2l³⁰¹¹eb⁸11ffl
452 2168 610 2258 [stlitem
637 2175 728 2244 Cum
742 2174 897 2248 Romani
903 2173 1115 2265 pestilentia
1127 2173 1278 2244 labora-
1314 2205 1317 2214 ·
1438 2217 1443 2226 ·

192 2315 292 2390 rent,
318 2305 444 2376 Castor
456 2317 493 2414 et
504 2305 634 2382 Pollux
647 2307 685 2377 in
701 2309 837 2378 romnis
850 2305 1026 2402 populum
1043 2319 1277 2395 monuerunt,

192 2439 323 2530 quibus
344 2440 515 2512 remediis
542 2440 678 2512 morbi
694 2453 928 2530 curarentur,
973 2453 1010 2512 et
1035 2444 1119 2514 licet
1145 2468 1276 2514 eorum

190 2571 313 2644 multae
335 2585 450 2646 esseut
473 2585 619 2676 statuae,
656 2575 785 2648 Romae'
800 2587 923 2646 tamen
946 2597 1029 2646 cum
1050 2600 1126 2646 non
1145 2587 1277 2658 essent,

169 2717 324 2798 ,paratae
341 2719 421 2778 sunt
438 2707 511 2778 illis
526 2710 680 2797 similes,
705 2733 792 2802 quas
807 2721 933 2801 postea
944 2707 1102 2780 Romani
1110 2707 1279 2776 „deaura-

175 2846 354 2930 ,veruut].
369 2839 407 2922 *)
465 2839 621 2931 AEgisthi
648 2861 718 2932 pro
749 2841 899 2936 AEgypti
932 2840 1107 2931 scriptum
1136 2819 1280 2910 videtur

192 3001 319 3070 errore
333 2974 498 3060 librarii,
524 2973 586 3065 qui
609 2996 691 3042 cum
712 2974 863 3068 AEgypsi
883 2975 1033 3064 legeret,
1058 2973 1184 3076 urbem
1198 2973 1279 3043 Ge—

191 3111 299 3180 ticam
318 3107 426 3180 lmius
449 3106 606 3193 nominis
635 3105 868 3192 intellexerit,
914 3127 994 3196 quea
1016 3103 1124 3176 etiam
1148 3105 1280 3178 dicitur
1358 3087 1361 3096 ’

192 3242 373 3334 aptam,
390 3240 486 3313 vius
499 3240 692 3338 uetustum
710 3241 755 3312 aa
769 3237 873 3312 oua.
889 3238 994 3310 rent.
1015 3262 1046 3326 1,
1062 3213 1172 3328 s,‘15.
1195 3241 1230 3327 4,
1245 3263 1278 3332 7,

194 3397 251 3446 21.
270 3375 328 3445 55.
380 3375 597 3468 interpretes
617 3373 769 3470 plurimi
793 3399 875 3448 eum
899 3375 1109 3450 Casairbono
1129 3371 1279 3474 AEgppti
1380 3419 1384 3427 ·
1447 3367 1449 3378 '

190 3509 288 3624 filios,
309 3510 389 3582 loco
416 3522 540 3582 nostro
558 3511 670 3582 diotos
684 3523 822 3607 putant,
875 3509 953 3582 Hos
973 3534 1062 3585 vero
1086 3535 1153 3606 per
1174 3535 1277 3581 som-
1301 3527 1308 3542 ·
1412 3499 1422 3518 ⁸

192 3648 292 3717 nium
318 3669 493 3739 responsa
523 3647 681 3733 dedisse,
726 3647 875 3736 nullibi,
923 3647 985 3721 rix
1016 3649 1162 3740 q'uidem
1184 3645 1280 3744 apud

192 3779 430 3866 Scholiasten,
482 3779 693 3852 invenimus.
768 3781 863 3851 Illud
900 3783 1021 3873 potius
1058 3776 1281 3850 Danaidibus

195 3911 436 4002 affingendum
457 3913 567 3980 fuisse
590 3909 752 3998 videtur,
793 3939 815 3981 a
836 3895 1043 3984 sacro'non
1073 3911 1123 3978 ita
1147 3909 1281 3999 alienis,
1404 3979 1406 3991 ,

194 4055 320 4139 utpote
335 4066 417 4136 quae
431 4039 703 4136 thesmophoria
716 4068 762 4122 er
771 4047 930 4138 AEgypto
939 4065 1064 4116 secum
1078 4041 1279 4136 auderunt,

196 4229 494 4256 u—-u-q--n

168 4360 172 4369 ·
214 4343 250 4423 *)
284 4341 361 4420 Qnae
383 4340 488 4402 addita
510 4351 581 4404 sunt
603 4365 621 4402 e
639 4342 800 4404 veteribus
824 4343 1028 4423 membranis,
1072 4319 1175 4413 editor
1193 4349 1278 4412 Elias

280 4449 412 4518 Vinctus
436 4440 525 4513 tineis
554 4449 598 4520 ita
624 4448 871 4528 comprehendit.
927 4453 958 4517 L
987 4453 1139 4535 optimum
1170 4453 1279 4516 vineti

281 4553 456 4635 exemplum
478 4553 635 4630 iudicare,
665 4562 735 4638 aute
755 4553 898 4620 diximus.

832 4667 841 4700 ,
861 4660 866 4673 .

1406 697 1422 760 ¹l
