2938 5208
520 481 609 534 sar.
629 485 699 550 vn,
728 465 808 534 3-6.
988 469 998 498 ‘
1141 469 1213 564 495
1271 521 1292 572 ,ὁ

122 609 1214 652 *ww—m*

121 741 305 813 nemeina
318 763 444 814 versus
459 741 656 838 scripsisse.
709 706 847 831 Quidni
868 763 957 815 vero
977 741 1106 814 Bassus
1127 767 1213 818 car·-

124 878 223 948 mine
247 877 454 950 tractaverit
476 899 538 948 res
552 876 824 971 etymologicus,
849 877 980 970 quibus
993 875 1129 951 subulas
1144 902 1212 952 an·

120 1013 241 1106 tiques
262 1035 369 1106 quarn
388 1009 565 1104 plurimas
589 1011 725 1108 ubique
744 1013 788 1082 ad
812 1011 978 1083 tetricum
994 1001 1212 1108 illud'argu-
1299 993 1303 1004 ⁸

120 1159 286 1218 mantum
300 1145 576 1216 exhilarandum
597 1145 818 1216 intertexere
834 1146 923 1218 nihil
935 1171 1019 1218 saue
1035 1149 1212 1221 vetabat.“

63 1339 67 1361 .
124 1281 316 1354 Sententiae
332 1279 403 1354 riri
421 1273 675 1380 eruditissimi,
696 1281 794 1373 quod
817 1244 864 1352 acl
882 1281 1070 1354 lectionem
1084 1307 1212 1358 vocum

113 1414 230 1485 alteri
249 1416 516 1508 praeferendam
540 1413 683 1502 attinet,
709 1413 856 1484 omnino
875 1416 1137 1488 assentiendum
1152 1417 1211 1490 ri-

118 1549 242 1620 detur.
293 1549 463 1622 Ceterum
478 1549 556 1632 haec
573 1549 815 1620 observanda:
841 1515 1214 1626 Pseudo-Cornutum

125 1709 190 1756 seu
204 1683 425 1756 Scholiasten
439 1693 597 1758 veterem
612 1681 711 1756 illam
726 1681 917 1756 lectionem
934 1686 1131 1778 agnovisse,
1156 1689 1213 1760 vel
1311 1783 1314 1794 .

123 1820 217 1892 hcc
206 1843 245 1888 nr
260 1843 301 1890 re
318 1819 452 1912 aliquid
469 1817 645 1908 definisse,
670 1841 743 1888 non
757 1819 911 1888 invenio.
960 1819 1038 1890 Nee
1053 1845 1134 1892 cum
1149 1822 1212 1898 illo

124 1953 338 2026 scholiastes
362 1954 413 2023 ita
434 1954 712 2046 iuterpretatur:
739 1951 863 2040 „Mire
886 1952 1014 2048 opifex
1038 1957 1213 2042 nmaeria,

124 2097 405 2160 tenemento
424 2087 594 2161 mirande
621 2045 786 2182 opiiex
766 2089 937 2160 varietata
961 2111 1211 2176 numerorum,

124 2245 231 2316 quam
242 2224 286 2294 de
298 2223 573 2295 metrisGraecis
587 2224 764 2316 excerpis,
783 2223 1005 2295 etmasculos
1018 2223 1212 2294 sonoslaa-

121 2359 208 2428 tinia
230 2367 328 2450 aptas
350 2357 588 2448 carminibus3
621 2356 803 2444 nutrieris,
833 2358 856 2426 i.
881 2380 911 2426 e.
936 2357 1108 2448 metris;“
1132 2355 1227 2428 haee'

122 2493 235 2565 verba
250 2493 296 2564 ad
310 2493 522 2584 opusculum
540 2491 639 2564 Bassi
656 2479 860 2576 demetria,
886 2492 948 2561 sed
971 2492 1016 2561 ad
1039 2502 1154 2565 metra
1176 2501 1213 2562 at

116 2641 296 2696 numeros
313 2627 419 2696 abeo
436 2627 474 2696 in
491 2627 649 2722 carmine
665 2625 854 2710 adhibitos,
869 2623 1063 2695 reserenda
1078 2625 1212 2698 viden-

121 2771 192 2830 tur.
228 2759 340 2830 ·Tnm
368 2757 526 2828 illucet.
546 2741 761 2852 primordia
785 2777 913 2826 vocum
935 2764 971 2823 at
1002 2755 1111 2824 totius
1140 2755 1212 2828 loci

123 2891 233 2966 verba
249 2891 558 2982 explicatum-non
571 2887 842 2982 praetereundus
858 2898 910 2956 est
918 2888 1124 2975 Turnebus,
1149 2889 1212 2984 qni

124 3029 173 3099 ita
185 3047 312 3112 suam,
338 3033 449 3116 utque
471 3023 635 3112 videtur,
659 3021 903 3130 ipsiustpersii
918 3032 1076 3094 mentem
1091 3025 1213 3128 inter-5

122 3171 304 3257 pretatur:
347 3131 440 3246 „llis
467 3181 533 3252 ego
560 3157 682 3230 verbis
705 3153 900 3248 significari
923 3166 1033 3248 puto,
1062 3155 1212 3228 Bassum

121 3307 265 3396 poetam
289 3317 367 3366 esse
389 3293 556 3388 lyricum.
586 3281 589 3290 ¹
614 3290 742 3386 Lyrici
766 3301 883 3362 antem
906 3292 1026 3384 primo
1051 3290 1153 3362 diros
1177 3303 1213 3362 et

121 3433 291 3508 virtutem
313 3429 492 3503 victorum
514 3427 624 3498 sacris
647 3427 899 3498 certaminibus
915 3427 1074 3498 carmine
1092 3425 1212 3498 extol·
1264 3511 1277 3540 t

17 3612 22 3625 ·
121 3565 256 3638 lebant·
247 3577 390 3660 ‚atque
407 3589 450 3635 ea
465 3574 548 3633 sunt
563 3560 777 3658 primordio
797 3572 867 3634 vot.
892 3585 1031 3632 vacum.
1083 3563 1213 3634 Postea

10 3722 15 3737 ’
122 3702 242 3770 moliri
266 3701 373 3773 otiam
397 3699 475 3770 dc
464 3721 634 3771 auronum
654 3695 836 3766 amoribus
852 3707 888 3766 et
903 3719 1030 3766 senum
1046 3695 1161 3765 luxu
1149 3722 1212 3776 ao·-

122 3858 244 3928 cisque
253 3857 578 3926 cormrnapangore
588 3834 802 3924 coeperunt
830 3855 902 3924 qua
917 3841 1211 3924 argumentorum

122 3969 273 4040 materia
285 3991 391 4038 suum
404 3991 535 4058 poema
549 3967 679 4036 Bassus
694 3965 915 4040 distinxerat.
966 3963 1071 4035 Iocus
1094 3977 1211 4054 autern

123 4102 288 4189 invenes,
309 4102 410 4174 iocos
427 4099 601 4174 iuveniles
617 4098 798 4192 intelligo,
822 4109 858 4169 et
878 4099 979 4168 iocos
1001 4123 1121 4189 renea,
1146 4127 1210 4172 se-

122 4235 225 4322 niles,
251 4259 467 4330 quamquam
480 4215 697 4327 interpretes
713 4228 811 4304 aliud
828 4217 994 4306 sentiunt
1045 4233 1101 4307 Ad
1115 4235 1210 4308 hunc

123 4369 242 4440 locum
264 4370 506 4442 Horatianum
529 4370 618 4441 illud
642 4370 798 4464 pertinet
816 4367 861 4440 de
883 4367 970 4440 Arte
992 4371 1089 4442 Poet.
1114 4372 1209 4456 (85.)

122 4505 227 4576 Musa
242 4505 338 4577 dedit
355 4507 484 4579 fidibus
500 4507 601 4582 divos
613 4527 819 4600 puerosque
832 4503 1016 4592 Deorum,
1040 4507 1087 4578 Et
1096 4505 1210 4600 pugi·-
1324 4477 1329 4488 ⁸

1459 2495 1467 2568 i

1466 2583 1467 2652 l
