3052 5202
417 491 421 504 ,
509 455 513 460 ·
562 453 652 504 sar.
675 455 751 519 nn,
774 437 830 504 δι.
1173 443 1241 513 ι6ι
1326 532 1330 542 Ι

40 728 46 750 ’
146 705 364 804 Porphyris
379 708 566 797 „Nattam“
581 709 677 804 legit.
704 709 894 798 „Nattam“
910 711 1019 780 etiarn
1036 712 1074 780 in
1089 718 1245 786 nummis

145 845 272 938 gentis
291 842 448 912 Pirrariae
472 863 682 937 expressum
704 845 841 916 invenit
865 845 1034 935 Ursatus,
1073 869 1106 920 v.
1129 847 1245 918 Com-
1277 814 1311 941 'J

145 987 264 1049 ruent.
282 977 329 1046 de
343 975 445 1066 Notis
461 978 566 1050 Rom.
588 977 627 1050 in
642 977 753 1049 Thes.
768 979 888 1071 Graer.
908 1003 965 1068 rr,
982 979 1064 1070 875.
1098 977 1243 1072 Vulga-

147 1137 232 1186 rem
252 1098 344 1206 ¹ergo
369 1111 555 1204 sequimur
576 1113 777 1192 lectionem.
828 1111 1005 1206 Quisnam
1026 1093 1090 1184 ille
1114 1113 1241 1186 Natta

144 1247 282 1336 luerit,
308 1269 382 1316 nou
399 1245 487 1316 tanti
501 1256 572 1332 esr,
598 1256 637 1314 ut
657 1241 760 1315 altius
777 1245 992 1340 inquiratur.
1042 1247 1240 1320 Turnebus

146 1390 190 1451 et
206 1377 318 1452 Aldus
336 1381 518 1454 Manutius
534 1401 616 1448 eum
632 1379 753 1449 dicunt
766 1401 943 1470 „nequam
959 1375 1152 1465 fullonem,
1177 1344 1241 1470 qui

144 1537 227 1582 non
254 1521 309 1580 est
327 1512 468 1600 nauci,“
490 1514 573 1606 quia
593 1514 754 1601 ‚,nsctae“
775 1510 930 1583 fullones
952 1525 1144 1602 vocantur,
1177 1510 1239 1581 alii

142 1647 395 1735 „luxoriosum
420 1647 627 1740 quemdam,
660 1646 723 1740 qui
742 1645 1000 1738 patrimonium
1022 1669 1126 1716 suum
1141 1666 1237 1738 pro-

143 1780 259 1872 (legit,
273 1791 309 1850 et
319 1777 540 1868 nobilitatem
558 1780 653 1850 male
668 1781 824 1858 vivendo
838 1780 1078 1873 deturpavit‘5
1102 1780 1236 1850 iterum

144 1914 225 1986 ulii:
257 1911 469 1999 ,nominem
491 1935 543 1996 ex¹
556 1913 679 1986 infima
699 1914 813 2008 plebis
835 1913 939 2001 saoce,
959 1915 1047 1986 «vitae
1067 1893 1247 2004 sordibus

70 2030 73 2041 ¹
140 2047 355 2120 insumens
385 2045 500 2116 Vetus
514 2043 639 2122 nostc'r
652 2045 862 2120 scholiastes
879 2067 968 2122 vero
984 2047 1126 2118 videtur
1141 2069 1235 2142 pro-

140 2180 253 2272 pior,
285 2199 419 2250 nomen
436 2179 480 2250 ab
496 2179 653 2250 Horatio
670 2193 707 2252 et
721 2181 846 2256 Persio
861 2183 983 2253 fictum
1001 2205 1079 2252 esse
1096 2181 1232 2252 diceus.

140 2317 256 2384 Certe
277 2335 362 2382 eum
381 2311 563 2404 plebeium
585 2315 694 2386 fuisse
714 2337 787 2386 uon
800 2314 953 2407 probari
968 2325 1085 2406 potest
1096 2293 1144 2386 'ex
1158 2315 1229 2385 ad-

138 2445 237 2517 iecto
251 2445 432 2532 discincti,
447 2447 664 2539 quodetiam
678 2449 724 2522 de
738 2447 945 2522 hominibus
959 2450 1142 2543 amplioris
1155 2425 1229 2520 loci
1241 2489 1252 2502 ·

139 2581 290 2667 dicitur,
315 2601 346 2650 r.
365 2605 396 2650 c.
415 2581 460 2652 ds
476 2582 672 2654 Maecenate
687 2583 810 2654 Senec.
828 2583 896 2672 Ep.
915 2581 1005 2666 114,
1015 2582 1049 2650 4.
1067 2581 1101 2652 6.
1126 2591 1163 2650 et
1183 2581 1230 2648 de

136 2717 286 2788 Nerone
305 2715 401 2804 apud
420 2714 578 2783 Dionem
593 2715 654 2800 65,
674 2713 729 2782 ιδ.
780 2715 927 2801 Quanto
943 2712 1103 2782 habitum
1120 2711 1232 2782 suerit

136 2847 282 2942 probro
296 2843 514 2914 discinctum
528 2843 725 2950 incessisse,
750 2843 856 2914 docet
869 2840 940 2913 h.'1.
986 2842 1059 2912 Dio
1072 2842 1231 2929 Cassius,

138 2981 224 3074 qui,
248 2985 437 3071 postquam
452 2973 565 3044 multa
578 2974 738 3051 Neronis
758 2973 905 3048 infanda
919 2975 1136 3098 percensuit,
1159 2977 1231 3045 ad·-
1270 2993 1280 3002 ‘

137 3115 235 3184 iicit:
262 3111 392 3205 quibus
415 3109 501 3200 ipsis
520 3108 558 3177 iu
581 3105 690 3178 rebus
705 3109 755 3178 ite
768 3105 920 3190 faciebat
936 3118 1062 3178 contra
1078 3109 1134 3176 ius
1150 3108 1228 3202 fas-7

138 3271 233 3342 que,
257 3255 297 3314 ut
318 3245 426 3314 etiam
450 3241 578 3312 tunicis
594 3241 782 3312 »discinctis
796 3241 941 3333 publice
954 3243 1177 3312 indueretur.
1192 3245 1228 3326 ⁸)

136 3380 240 3456 Hirro
256 3380 470 3467 „discinctus
485 3378 624 3470 nepos“
640 3375 787 3449 Horatii
802 3377 915 3473 Epod.
931 3391 961 3469 r,
976 3379 1033 3450 34.
1060 3377 1224 3470 Disciugi

139 3635 429 3660 m

391 3723 400 3756 Ι

157 3831 191 3915 *)
224 3826 271 3888 ὦσε
291 3851 336 3887 m
361 3831 456 3898 ἆζωςυς
483 3829 639 3900 pravasia
662 3851 698 3902 ror
717 3829 831 3904 ὃημοσιω
848 3833 997 3890 ἓνδεεσθαι.
1033 3826 1226 3908 Qulnclllia·

222 3957 301 3996 nus:
329 3939 394 4011 „lta
406 3937 564 4018 cingatur,
591 3949 625 3998 ut
640 3942 752 4001 tunica
768 3941 927 4020 prioribus
944 3937 1009 4000 aris
1026 3933 1109 3994 int'ra
1125 3951 1224 4010 genua
1332 3980 1334 3991 .

215 4039 376 4122 ‘partlm
404 4041 633 4119 posterioribus
659 4043 697 4100 ad
720 4043 838 4102 modios
851 4039 983 4122 poplites
998 4045 1224 4118 usqueperve-
1299 4050 1300 4054 ’

219 4145 316 4208 uiant
366 4139 447 4206 Nam
475 4143 559 4204 iufra
579 4143 746 4204 mulierum
771 4153 833 4220 ert,
863 4161 956 4222 supra
976 4141 1224 4204 centurionumf‘
1256 4211 1260 4220 ,

220 4249 294 4309 Inst.
314 4249 371 4310 Or.
396 4270 441 4324 rr,
457 4251 488 4320 3,
507 4251 574 4317 138.
617 4249 787 4309 Mulierum
810 4245 893 4308 enim
917 4247 994 4309 stola
1016 4247 1054 4308 ad
1072 4248 1146 4310 talos
1164 4249 1221 4309 de-

220 4354 313 4412 missa
334 4366 412 4418 crat.
436 4355 513 4416 Hor.
539 4345 602 4412 Sat.
626 4373 650 4426 1,
670 4371 698 4428 a,
716 4355 833 4434 25:29.
846 4371 897 4433 99.
917 4352 959 4414 cf.
979 4345 1076 4417 rranr
1093 4351 1223 4417 Poenul·

218 4459 246 4532 5,
265 4461 295 4532 5,
320 4457 715 4540 19.·24.etlieirrdorfiad
733 4457 800 4519 loca
816 4455 942 4519 Horatii
952 4459 1004 4522 cit.
