3052 5202
311 371 380 444 res
725 387 815 440 snr.
841 387 884 440 11.
893 421 905 456 ‚
931 391 986 439 rr.

368 657 436 720 '11.
488 643 562 716 &ab
584 641 793 716 rostratae.
846 647 969 734 „Inter
987 637 1168 721 'arendtnn
1190 597 1398 740 exoptatis-'-¹

304 771 545 857 simmn'mitn·
570 803 699 852 sonum
723 783 806 850 edat
825 780 1015 852 thesaurus
1030 803 1179 853 veniere
1195 779 1391 852 effossus!“

303 923 404 992 Idem
424 915 616 986 stultorum
636 925 760 988 votum
775 915 950 986 Horatio:
985 917 1043 1005 „0
1060 917 1090 984 si
1106 939 1238 986 urnam
1254 915 1394 1008 argenti

301 1055 381 1124 fors
398 1073 479 1144 quae
493 1049 583 1119 mihi
602 1061 788 1140 monstret,
810 1051 932 1140 utilli,
955 1043 1148 1124 Thesauro
1164 1050 1313 1124 invento
1331 1049 1392 1142 qui

250 1207 253 1216 ·
301 1185 546 1258 mercenarius
561 1209 690 1277 agrum
699 1185 806 1258 Illum
819 1189 940 1282 ipsum
956 1197 1134 1258 mercatus
1149 1186 1275 1270 aravit,
1292 1183 1392 1256 dives

301 1323 417 1392 amico
431 1317 642 1390 Hercule!“
665 1320 735 1392 Sat
756 1341 796 1409 a,
804 1321 839 1410 6,
858 1345 915 1394 ro.
968 1323 1123 1426 Quodsi
1137 1320 1287 1392 Persius
1303 1317 1390 1388 imi-

299 1467 393 1528 tatus
415 1455 478 1544 sit,
518 1453 710 1524 Petronius
738 1449 835 1526 certe
858 1469 974 1529 totum
997 1433 1162 1528 nostruin
1185 1457 1306 1526 locum
1325 1475 1392 1524 re-

299 1590 460 1684 spexisse
476 1587 662 1671 videatur,
687 1609 717 1652 c.
740 1587 797 1654 88.
813 1593 848 1670 ¹⁸)
898 1591 1025 1676 Seria,
1049 1589 1159 1660 fietile
1177 1613 1239 1662 vas
1258 1585 1390 1658 oblon-

298 1745 396 1820 gum.
448 1720 514 1807 „In
536 1717 700 1787 testaceis
721 1719 874 1791 vasculis
895 1721 1085 1794 thesaurus
1102 1746 1201 1813 saepe
1215 1721 1390 1792 recondi·
1479 1793 1482 1800 ,

296 1859 394 1946 tur‚“
428 1853 682 1948 Hieronymus
704 1852 818 1947 Epist
844 1855 903 1951 59.
936 1857 1000 1928 ubi
1025 1853 1214 1930 Marcilius
1236 1877 1320 1924 eum
1343 1855 1389 1924 de

296 1989 548 2070 verbisPaulli
566 1987 683 2062 2001'·
701 1989 736 2077 4,
752 2015 785 2086 7.
809 2001 941 2078 ἔχομεν
955 2001 994 2060 'tis
1011 2019 1074 2060 rer
1090 2005 1268 2072 opesopes
1285 2015 1388 2055 neos

296 2139 337 2196 ὒν
359 2109 565 2208 schamen
586 2113 752 2191 sasaim
777 2131 951 2224 cogitasse
979 2131 1168 2202 existimat.
1239 2121 1387 2197 Dextro

293 2259 476 2345 Hercule,
505 2268 546 2325 ut
571 2257 658 2326 Iove
681 2259 814 2330 dextro
837 2268 873 2350 5,
893 2253 973 2332 nt.
999 2267 1099 2336 idem
1125 2261 1224 2356 quod
1245 2261 1386 2352 „arnico

292 2390 481 2466 Hercule“
496 2389 642 2458 Horatii
659 2387 683 2458 l.
698 2391 759 2494 cit⁴⁴
805 2381 966 2464 Numina
988 2397 1135 2483 dextra,
1161 2395 1386 2488 quae'favere

199 2595 208 2607 ,
292 2526 550 2611 credebantur,
600 2511 710 2614 leta,
760 2521 852 2619 quae'
880 2525 1074 2620 placanda,
1120 2549 1168 2596 ne
1197 2535 1383 2600 nocerent.

291 2660 441 2739 Dextro
459 2659 568 2729 etiam
589 2659 630 2727 in
644 2681 755 2751 proso
770 2659 935 2732 usitatius
950 2665 1059 2755 quain
1078 2661 1277 2750 „dextero“
1297 2657 1384 2730 the-

290 2796 396 2866 matis
412 2793 535 2864 Graeci
554 2781 773 2883 intoxicat,
786 2797 890 2899 puius
917 2797 932 2865 i
950 2819 1017 2889 per
1033 2785 1220 2890 syncopen
1241 2795 1384 2882 excidit,

290 2941 368 3001 uto
383 2931 422 3002 in
438 2959 546 3012 pem
564 2955 685 3020 mens,
698 2955 814 3014 ’ram
833 2953 930 3022 gens.
959 2931 1034 3020 „Ut
1047 2919 1260 3003 Mercurius
1273 2951 1382 3022 aper·

288 3066 335 3135 tis
350 3066 463 3136 lucris
477 3077 514 3136 et
528 3067 762 3161 negotiationi
775 3053 956 3158 praeerat,
982 3034 1036 3137 sic
1049 3064 1231 3136 Hercules
1248 3062 1382 3156 opertis

212 3181 215 3198 ¹
287 3195 400 3271 lucris
422 3203 497 3273 sive
519 3201 800 3286 thesaurissste)
833 3201 975 3274 Glossae
1005 3170 1145 3276 veteres
1168 3199 1323 3272 Acronis
1345 3207 1381 3268 et

499 3373 586 3390 ἡ

306 3485 341 3567 *)
371 3489 441 3564 „Ne
466 3489 581 3547 honam
602 3485 728 3567 quidem
753 3499 907 3564 mentem,
950 3501 1005 3549 sut
1027 3493 1140 3552 bonam
1165 3489 1379 3553 valetudinem
1411 3555 1419 3577 ι

295 3621 299 3630 ·
367 3601 490 3672 petunt,
523 3591 581 3651 sod
600 3591 722 3668 statim,
757 3599 925 3670 antequam
950 3589 1045 3652 limen
1071 3593 1221 3672 Cepitolii
1239 3603 1379 3668 tangunt,

367 3697 447 3764 elius
461 3698 579 3764 *donum
591 3697 768 3777 promittit,
790 3687 826 3754 'si
842 3695 1053 3778 propinquum
1070 3697 1201 3760 divitem
1219 3695 1379 3772 extulerit,

366 3802 461 3880 nlius,
490 3803 517 3863 si
534 3803 714 3878 thesaurum
730 3802 891 3882 effoderit,
918 3800 1014 3879 alius,
1042 3797 1069 3862 si
1087 3801 1126 3864 ad
1141 3801 1311 3864 trecenties
1326 3823 1377 3862 se-

366 3907 511 3970 stertium
525 3910 627 3972 solvus
645 3907 858 3990 pervenerit.“

283 4093 339 4170 “J
372 4093 467 4174 Quod
484 4101 524 4161 sd
540 4101 665 4162 lucrum
681 4109 713 4160 et
728 4097 973 4178 negotiationem
989 4097 1119 4172 attinet,
1149 4095 1302 4183 Hercules
1316 4115 1375 4178 po·

363 4200 425 4258 tius
446 4203 531 4264 idem
556 4225 592 4265 oc
615 4203 795 4265 Mercurius
816 4204 911 4269 fuisse
936 4204 1075 4265 videturss
1125 4201 1378 4286 Tutelarisfficrat

363 4302 452 4362 Deus
463 4307 637 4384 Tyriorum
649 4309 1018 4388 mercaturapotentium,
1041 4305 1122 4366 unde
1132 4305 1237 4366 forsan
1255 4323 1371 4366 nomen

362 4403 559 4486 circuitoris,
597 4412 795 4488 mercatoris,
829 4413 918 4474 hebr.
941 4411 1057 4478 ”toturn
1082 4411 1113 4470 ei
1139 4409 1284 4474 inditum.
1335 4407 1374 4470 In
