2932 5206
257 409 324 480 158
659 415 746 468 SAT·
765 417 805 484 1.,
830 419 930 488 1²7·-

251 707 335 754 nam
349 681 462 750 soleas
478 676 649 760 dixerunt
665 676 822 747 Romani
841 675 985 765 „omnia
998 673 1036 744 id
1050 697 1181 768 genus,
1208 673 1335 765 quibus
1420 738 1427 768 ,

251 817 455 926 plantarum
471 791 584 883 calces
598 822 736 882 tantum
748 810 882 880 infimae
896 819 1079 911 teguntur,
1097 819 1223 879 ‘cetera
1234 831 1336 902 paens

141 969 169 1028 f
251 951 361 1040 nude,
387 959 424 1019 et
435 947 610 1018 teretibus
623 945 772 1017 habenis
781 945 942 1022 ·vincta“
967 941 1336 1034 Ge11.N.A.15,a1.
1429 1033 1430 1042 ἵ

183 1101 189 1108 ’
252 1087 404 1162 Fiebant
427 1079 592 1152 exaluta
615 1080 810 1170 coccinea,
826 1103 872 1150 ex
888 1077 983 1172 pelle
997 1079 1140 1152 haedina
1156 1071 1224 1148 &e
1265 1076 1338 1148 Di-

190 1247 196 1257 ·
252 1215 525 1313 stinguebantur
542 1234 708 1307 purpura
725 1225 761 1284 et
777 1239 877 1286 auro.
929 1211 1067 1286 Mirum
1086 1213 1245 1300 videtur,
1268 1233 1339 1282 ne·
1431 1239 1432 1252 ¹

252 1321 341 1426 mini
363 1353 606 1442 interpretum
625 1347 661 1418 h.
682 1347 707 1419 l.
724 1349 762 1418 in
777 1361 931 1422 mentem
947 1349 1105 1440 venisse,
1130 1348 1230 1442 quod
1244 1347 1338 1417 Per-

252 1493 328 1561 sius
349 1509 477 1561 vocem
497 1483 673 1577 crepidas
693 1483 859 1550 retulerit
879 1485 925 1554 ad
946 1485 1089 1571 literas,
1127 1485 1218 1570 adeo
1236 1490 1276 1550 ut
1299 1503 1341 1550 ea

253 1627 445 1697 denotetur
460 1617 618 1685 studium
632 1589 773 1681 Grieoae
788 1613 1003 1706 tragoediae,
1030 1639 1102 1709 quo
1117 1639 1242 1686 sensus
1258 1615 1342 1706 dig..

254 1759 337 1829 nior
357 1765 394 1824 et
416 1747 527 1822 nexui
553 1745 727 1829 orationis
757 1747 875 1840 aptior
899 1747 1026 1820 evadit.
1064 1813 1068 1828 ,
1094 1745 1275 1844 drepidas
1294 1749 1344 1817 ita

255 1888 438 1966 veteribus
462 1893 625 1977 acceptas
643 1879 771 1970 fuisse,
803 1883 909 1954 docet
930 1881 1030 1957 locus
1043 1881 1141 1977 Lydi
1156 1877 1342 1954 Philadel-

254 2023 524 2120 pllini*)1,40.
549 2029 618 2088 ὅδε
634 2033 944 2121 μυθοῌεμνεζται
961 2031 1012 2088 tae
1031 2025 1109 2100 dvo,
1140 2026 1192 2084 e'at
1211 2029 1343 2096 Κρηπι-

254 2150 440 2218 denatum
459 2151 754 2220 Πραστεξταταν,
779 2149 822 2207 civ
840 2149 857 2222 ἦ
873 2171 937 2222 μιν
956 2149 1173 2221 Κρηπιδατα
1191 2144 1344 2216 Ελληνι-

255 2277 320 2314 aer
356 2257 434 2322 ize·
471 2250 682 2316 tutemus,
717 2251 734 2320 ἡ
770 2250 808 2312 ds
843 2252 1102 2320 Πραιτιξτατα
1137 2250 1345 2321 Functus.

255 2361 350 2453 Quae
372 2358 482 2432 verba
499 2378 588 2426 uum
605 2358 739 2428 Donati
753 2359 799 2428 de
812 2361 1001 2460 comoedia
1016 2371 1052 2430 et
1064 2362 1250 2452 tragoedia
1264 2359 1347 2430 col-

257 2498 328 2568 lata
344 2481 383 2566 et
396 2519 416 2566 a
430 2493 602 2564 Reuvsns
620 2491 810 2562 emendata
821 2491 869 2586 **)
893 2491 1100 2581 ostendunt,
1134 2493 1232 2584 quod
1249 2492 1348 2560 Cre-

263 2697 555 2720 ...a-...nun-

345 2833 414 2891 127.
434 2814 558 2900 Verum
578 2815 669 2876 soleae
692 2815 842 2876 Romanis
861 2823 950 2876 erant
966 2824 1147 2875 consuetum
1161 2813 1275 2895 pedum
1293 2813 1348 2876 in-

342 2913 524 2980 dumentum
552 2917 789 2998 domesticatus
808 2909 1042 3000 nonnumquam
1060 2919 1155 2980 ctiam
1178 2919 1349 3000 publicum,

344 3021 412 3084 cie.
430 3024 522 3084 Verr.
539 3025 568 3102 5,
586 3027 634 3096 38.
655 3027 735 3087 Hor.
749 3045 779 3104 2,
796 3037 826 3102 8,
842 3045 893 3104 77.
917 3024 1112 3100 Maniai-14,
1126 3027 1176 3099 65,
1194 3045 1217 3086 1.
1240 3027 1349 3085 Senec.

343 3131 495 3191 Controv.
521 3133 552 3208 4,
579 3134 632 3194 25.
655 3132 698 3192 At
721 3131 759 3193 de
782 3131 921 3212 crepidis
942 3129 1108 3192 Suetonius
1130 3121 1349 3204 'l'ib'cr.13,1.

326 3233 442 3312 lunc,
469 3219 611 3316 deposito
630 3238 732 3318 patrio
750 3237 880 3313 habitu,
907 3237 947 3298 ad
962 3237 1093 3317 pallium
1109 3246 1142 3296 et
1158 3235 1300 3315 crepidas
1317 3253 1352 3292 se

342 3317 518 3414 redegisse,
544 3339 623 3400 dicit
630 3353 701 3423 „et
723 3343 765 3402 do
782 3341 922 3418 Caligula
939 3345 991 3412 52,
1008 3361 1037 3402 a.
1052 3343 1107 3402 ubi
1128 3345 1167 3404 de
1182 3339 1350 3422 peregrino

322 3514 328 3523 Ι
344 3435 412 3496 cius
426 3439 547 3498 vestitu
558 3441 683 3518 agitur3'
703 3443 823 3502 eumin
840 3443 975 3520 crepidis
988 3431 1191 3521 processisse3
1212 3445 1288 3504 item
1310 3444 1352 3502 de

343 3539 530 3604 Domitiano
549 3544 579 3620 4,
607 3562 653 3602 11.
674 3564 746 3604 eum
762 3543 928 3605 certamini
941 3543 1125 3626 presedisse
1144 3548 1350 3627 crepidatum,
1414 3598 1425 3615 ,

345 3667 563 3732 purpureaque
580 3648 729 3712 amictum
740 3659 812 3732 toga
828 3649 1019 3728 Graecanica.

283 3833 311 3913 *)
344 3834 371 3896 Ι.
387 3832 427 3896 L.
441 3831 527 3935 Lydi
543 3831 777 3918 Philadelphini
800 3837 839 3898 de
861 3837 1089 3920 magistratibus
1109 3837 1190 3918 reip.
1202 3835 1354 3896 Romana

347 3937 425 4000 libri
442 3942 472 4015 3,
492 3960 576 4004 nunc
592 3939 729 4021 primpm
744 3941 778 4002 in
794 3943 896 4004 lucem
915 3944 1007 4022 editi,
1027 3955 1059 4005 et
1075 3943 1242 4021 versione,
1270 3939 1354 4003 notis

347 4044 565 4130 iudicibusque
580 4045 666 4112 aucti
679 4066 698 4109 a
711 4047 735 4110 l.
751 4049 795 4123 D,
822 4051 913 4113 Fusa.
932 4050 1029 4114 Paris.
1047 4061 1138 4121 isan.
1178 4063 1182 4070 '

267 4217 315 4324 lm)
350 4221 457 4284 Verba
482 4227 601 4295 Donati
626 4201 803 4311 hep'suntz
838 4237 976 4314 „Fabula
995 4235 1139 4318 generale
1159 4253 1275 4297 nomen
1291 4242 1353 4306 est;

307 4417 319 4432 Ἰ
352 4323 418 4386 eius
439 4330 507 4394 dua
529 4336 639 4414 prime
661 4351 766 4420 partes
790 4355 862 4404 aurit
884 4341 1040 4424 tragoedia
1058 4351 1090 4404 et
1108 4325 1277 4404 comoedia.
1318 4335 1353 4396 Si

352 4429 448 4494 latina
470 4443 696 4515 argumentatio
721 4444 779 4520 sit,
808 4449 989 4524 pretextati
1014 4443 1141 4507 dicitur.
1183 4439 1353 4508 Comoedia
