2932 5206
537 591 545 628 a
695 525 783 579 sar.
811 529 847 594 1,
873 507 932 600 96.
948 531 1006 600 97.

292 649 1371 677 numm—w-

295 811 379 858 enni
395 786 457 855 illa
471 784 591 854 ironia
604 794 769 852 contorta
781 785 877 856 soret
892 794 928 856 et
942 737 1075 878 inepti.
1135 781 1210 873 Qui
1231 783 1371 875 vitupe-

291 923 469 992 rationem
484 917 660 988 ironicam
675 915 821 1011 Virgilii
835 919 1042 1008 tuebantur3
1067 917 1188 990 locum
1207 915 1253 985 de
1271 917 1371 986 duri-

290 1059 340 1129 tie
354 1067 390 1126 et
406 1053 597 1146 asperitate
612 1051 684 1144 stili
698 1051 832 1146 poetici
845 1054 1126 1148 exponebam,
1150 1073 1270 1144 neque
1285 1062 1368 1144 pot-

174 1264 179 1282 !
291 1199 395 1260 erant
409 1187 514 1257 aliter
529 1207 724 1278 exponere,
749 1151 793 1277 si:
813 1179 912 1282 quod
926 1183 1371 1260 numerosaeflaudatonim

275 1345 460 1396 renuam
473 1319 612 1392 levitati
622 1321 668 1390 sit
680 1322 919 1413 contrarium,
943 1333 1038 1394 esset
1054 1321 1285 1414 servandum5
1311 1323 1371 1392 sed

289 1459 452 1528 notiones
469 1454 617 1524 duritiei
631 1464 670 1524 et
684 1457 887 1544 asperitatis
909 1479 984 1527 non
1004 1453 1167 1552 spumae,
1191 1455 1318 1528 cortici
1339 1465 1372 1525 et

289 1590 406 1662 aeteri
421 1588 669 1676 exsiccatoque
682 1583 821 1656 romeli
827 1636 842 1671 ,
868 1586 1023 1660 levitatis
1034 1600 1072 1657 et
1085 1578 1267 1660 inanitatis
1280 1591 1373 1659 ima-

239 1789 244 1806 ,
288 1719 443 1814 ginibus,
468 1728 565 1788 certe
580 1738 654 1788 non
668 1727 709 1787 ut
722 1719 893 1814 propriae,
906 1728 944 1790 et
956 1717 1076 1792 inhae
1088 1722 1261 1794 orationis
1271 1725 1372 1812 serie,

288 1855 419 1927 insunt.
481 1853 537 1924 Ea
562 1875 653 1949 ergo
679 1853 824 1926 videtur
850 1875 928 1924 esse
957 1853 1150 1924 necessitas
1172 1884 1213 1922 n
1237 1856 1371 1926 hecub

288 1979 545 2074 Armenium
566 1987 761 2062 divellendi
772 1997 813 2059 et
829 1989 874 2060 ad
889 2009 1015 2062 versus
1031 1999 1112 2058 ante
1132 1988 1255 2061 citatos
1269 1987 1372 2058 refe-

287 2125 414 2210 rendi,
444 2136 486 2192 nt
506 2122 642 2216 alioqui
663 2119 765 2194 locus
780 2125 1013 2218 respondenti
1029 2124 1156 2195 Persio
1169 2119 1282 2192 tribui
1298 2143 1372 2190 non

154 2333 161 2346 ¹
287 2254 473 2348 potuerit.'
515 2256 580 2324 Sin
604 2279 692 2328 vero
710 2257 923 2330 tribuendus
947 2269 1041 2329 esset
1055 2257 1116 2327 hic
1131 2256 1232 2326 locus
1247 2254 1371 2326 Moni-

169 2414 172 2424 “
287 2387 373 2475 tori,
386 2397 570 2478 tamquam
579 2389 753 2458 AEneidos
768 2409 841 2458 non
855 2391 995 2462 ironica
1008 2413 1173 2478 censura,
1192 2415 1249 2478 eo,
1273 2389 1373 2482 qdod

252 2548 254 2558 ’
287 2523 381 2592 bene
396 2521 536 2592 monuit
551 2523 771 2610 Passowins,
805 2521 1015 2617 ambiguitas
1030 2525 1126 2592 circa
1143 2543 1224 2590 rem
1238 2525 1373 2612 repre-

286 2657 436 2762 hensam
455 2655 575 2728 verbis
599 2655 682 2726 satis
703 2655 814 2726 elaris
830 2657 1046 2747 inferretur,
1071 2653 1243 2748 simplicis
1262 2653 1374 2724 etiam

254 2887 259 2896 1
287 2791 461 2862 orationis
475 2799 581 2860 tenor
593 2789 821 2878 turbaretur,
852 2791 1044 2862 accedente
1059 2791 1106 2860 ad
1121 2789 1241 2860 ideam
1254 2789 1374 2882 putidi

203 2900 214 2916 Δ
285 2889 414 2994 sensus
428 2944 522 2998 nova
536 2921 598 2994 illa
607 2925 844 3016 arrogantiae,
873 2937 912 2997 et
933 2927 972 2996 in
988 2923 1219 3018 sequentibus
1237 2944 1375 2995 nortun

286 3060 443 3152 denique
478 3059 722 3152 grandinsque
760 3059 911 3129 laudatae
948 3059 1126 3129 iuncturae
1164 3056 1375 3150 exemplum

285 3203 422 3282 temere
441 3193 623 3265 citandum
639 3193 776 3283 suisset,
800 3206 881 3266 ante
895 3157 1092 3288 propositis
1107 3213 1182 3263 non
1195 3184 1375 3266 refutatis}

285 3325 497 3393 casaubono
513 3327 659 3414 quidem
673 3327 834 3397 Monitor
853 3351 928 3398 non
943 3327 1141 3421 Virgilium
1161 3325 1376 3420 reprehen-

285 3455 373 3524 dere
386 3454 540 3540 videlur‚
564 3455 628 3524 sed
636 3477 795 3526 caussam
811 3459 1000 3525 suameius
1017 3460 1228 3532 auctoritate
1240 3457 1376 3528 desen·-

285 3590 390 3676 dere,
415 3597 452 3657 et
472 3569 585 3655 animi
604 3587 660 3656 sui
681 3611 786 3657 sensa
808 3588 860 3658 sic
886 3587 1027 3681 eloqui,
1056 3603 1097 3662 ut
1118 3591 1236 3664 verbis
1250 3599 1376 3662 tamen

285 3732 407 3793 utatur
421 3743 468 3792 ex
483 3731 602 3792 mente
610 3721 739 3812 Persii,
762 3723 860 3816 quod
869 3747 892 3792 a
902 3700 1054 3815 sianpliei
1070 3721 1384 3817 interpretatione⁴

284 3867 456 3950 quantum
471 3857 617 3934 recedat
625 3882 638 3946 ,’
659 3881 727 3950 per
741 3881 778 3928 se
795 3857 1022 3930 manifestum
1035 3869 1098 3928 est.
1150 3858 1209 3928 Do
1232 3857 1376 3948 eortiee

283 3993 467 4066 exteriore
481 3991 640 4084 suberis,
663 3995 760 4066 statis
782 3993 1005 4090 temporibus
1025 3993 1269 4084 detrahendo,
1292 3993 1372 4068 tid.

283 4187 578 4214 *ιι-ιι·-

305 4333 340 4413 *)
365 4329 550 4400 ltaNaaser:
569 4341 667 4405 ahma
683 4342 797 4420 virum,
819 4345 872 4406 ists
888 4345 976 4408 nieht
993 4369 1028 4409 so
1043 4348 1121 4410 raulr
1137 4347 1284 4426 dagegea,
1303 4339 1373 4400 wie

364 4439 550 4518 Knastholz,
573 4445 660 4505 Odor
684 4449 736 4508 ein
762 4449 922 4512 alternder
944 4451 1003 4514 Ast
1026 4453 1080 4514 des
1102 4451 1181 4513 weit
1201 4447 1270 4510 sich
1286 4465 1370 4506 rer-

363 4544 548 4608 breitenden
564 4547 786 4610 Korkbaums?
