3046 5206
173 471 177 483 .
287 413 360 486 514
694 431 782 484 sar.
809 433 888 500 nn,
913 413 946 484 3.
1027 515 1030 522 Ι

286 691 382 778 Dic,
406 715 429 761 o
453 687 501 762 ob
516 717 739 774 ιαιιοφωνιαν
754 717 792 757 ιε
809 686 893 777 „dic
913 688 1005 799 Ιιοοῇι
1027 687 1164 780 vulgati
1180 691 1369 762 canores-

284 826 399 897 nowio
422 833 459 896 et
476 825 616 912 Orellio
642 824 834 919 legendum
861 823 1129 896 suadenteodd.
1147 823 1270 896 Haun.
1285 826 1319 910 3,
1339 849 1369 916 7.

285 980 441 1054 quorum
454 963 571 1053 prior,
593 961 690 1031 haud
709 978 868 1030 recusae
883 957 1023 1030 Luneb.
1040 957 1230 1050 Wagneri,
1256 956 1371 1044 ‚,hoc“

284 1116 406 1164 rasum
423 1104 460 1164 et
475 1118 498 1162 o
512 1095 739 1166 substitutum
754 1091 899 1164 exhibet
904 1117 918 1180 ,·
943 1103 1016 1162 tres
1035 1091 1142 1164 etiam
1157 1091 1370 1180 Achaintrii‚

283 1245 441 1322 quonam
455 1227 668 1298 Parisicnsie
683 1225 1006 1336 epudlllcbcrum:
1016 1217 1085 1298 'dic
1100 1249 1131 1298 o.
1158 1227 1371 1315 Alcibiades,

282 1372 387 1456 patre
400 1361 518 1434 Clinia
530 1373 696 1450 mortuo,
720 1359 892 1432 educatus
908 1371 997 1434 csta
1014 1373 1128 1434 matre
1144 1359 1370 1432 Dinomache

283 1506 319 1568 et
334 1497 494 1584 Pericle,
519 1495 578 1566 cui
594 1497 707 1588 nepos
723 1506 801 1566 erat
816 1519 862 1566 ex
876 1493 989 1566 fratre
1012 1495 1120 1568 Diod
1139 1496 1208 1568 Sic.
1229 1517 1285 1584 12,
1309 1497 1368 1568 58.

155 1719 157 1730 Ι
281 1629 363 1704 val.
381 1631 479 1702 Max.
496 1631 531 1716 5,
551 1619 581 1697 i.
599 1627 801 1704 extreGell.
822 1631 878 1718 15,
897 1653 952 1725 ¹7·
978 1629 1131 1702 Periclis
1147 1630 1369 1723 consangui-

265 1774 392 1834 ‘neum
412 1762 499 1836 dicit
512 1759 745 1872 Plutarchus,
767 1759 880 1834 Alcib.
903 1788 936 1837 1.
960 1765 1216 1863 etprivignmn
1234 1767 1370 1870 llepos,

279 1897 394 1972 Alcib.
413 1918 449 1990 a,
466 1921 496 1968 ι.
533 1895 697 1994 Pupilla,
721 1897 1012 1970 administrandae
1029 1900 1139 1992 igitur
1154 1895 1369 1990 reipublicae

279 2031 462 2110 inhabilis.
510 2031 696 2129 Magnum
719 2033 811 2106 dixit
831 2033 1029 2123 Periclem,
1054 2057 1130 2106 nou
1152 2033 1296 2128 quidem
1316 2031 1369 2100 ob

277 2163 399 2236 hostes
418 2164 546 2236 novies
568 2167 613 2236 ab
638 2191 683 2238 eo
705 2178 913 2260 superatos,
938 2170 1002 2238 sed
1017 2193 1064 2240 ex
1076 2169 1248 2242 sententia
1259 2165 1372 2236 huius

276 2283 419 2408 satiras,
439 2295 590 2386 eiusque
606 2296 735 2383 fontis,
760 2297 904 2390 Dialogi
923 2299 1116 2387 Platonici,
1141 2304 1178 2374 in
1195 2326 1267 2393 quo
1282 2300 1369 2370 lan-

138 2455 140 2468 *
276 2412 383 2498 (latur
402 2424 582 2514 Pericles,
606 2431 710 2518 qnod,
724 2452 797 2500 non
821 2429 924 2520 rudis
944 2431 1140 2520 imperium
1161 2433 1371 2504 Athenien-

275 2561 371 2634 sium
386 2559 586 2652 regendum
604 2558 846 2654 capessiverit,
868 2578 977 2648 „cam
995 2564 1150 2654 quodam
1164 2571 1368 2654 spontaneo

274 2694 417 2786 sapiens
442 2691 575 2782 factus,
614 2697 679 2766 sed
703 2717 786 2766 cum
807 2693 950 2783 multis,
990 2698 1106 2790 iisque
1131 2683 1375 2789 sapientae,

274 2827 476 2900 Pithoclide
491 2839 528 2898 ct
536 2826 761 2924 Anaxagora,
775 2839 811 2900 et
825 2829 899 2901 iam
915 2831 953 2899 in
969 2843 1067 2902 tanta
1079 2853 1145 2902 sua
1158 2829 1368 2901 celebritate

274 2983 357 3034 cum
372 2961 538 3038 Damone
549 2967 793 3038 versaretur.“
805 2961 840 3056 θ)
885 2965 1037 3055 Pericli,
1059 2977 1283 3038 contractum
1294 2987 1367 3056 pro

272 3095 428 3168 Periclei
452 3119 473 3165 a
492 3099 679 3178 Periclem
689 3125 700 3192 3
725 3086 851 3170 itidem
867 3099 940 3170 Cic.
957 3102 1002 3171 de
1018 3101 1176 3174 Oratore
1193 3122 1227 3188 2,
1247 3120 1303 3169 aa.
1323 3105 1375 3168 ut

273 3228 359 3300 alibi
376 3227 519 3326 Achilli,
533 3231 645 3322 Ulixi,
669 3232 715 3304 cf.
732 3235 780 3308 K.
799 3233 842 3306 L.
860 3234 1073 3323 Schneider,
1098 3231 1362 3310 Formenlehre

272 3383 307 3452 p.
329 3361 397 3430 165
412 3385 463 3454 sq.
481 3372 518 3431 et
530 3365 776 3438 Ruddirnanni
789 3371 873 3439 lust
890 3365 1105 3470 (icamiam.
1122 3371 1177 3440 etl
1193 3367 1315 3438 Stallb.
1332 3365 1360 3435 Ι.

247 3563 250 3572 ,
270 3518 305 3587 p.
326 3491 404 3562 168.
430 3494 489 3564 De
505 3495 647 3569 Pericle
661 3511 822 3572 ceterum
836 3502 1002 3574 Socrates
1016 3501 1192 3574 Alcibiadi
1207 3501 1246 3568 in
1262 3501 1360 3570 Dia-

269 3627 353 3722 logo
364 3627 499 3719 citato:
526 3627 634 3720 „Prae
657 3635 841 3725 omnibus,
867 3661 959 3732 quos
983 3636 1075 3723 dxi,
1098 3633 1274 3704 maiorem
1294 3634 1362 3704 tibi

269 3763 467 3872 potentiam
487 3786 565 3834 esse
586 3767 769 3840 existimas
800 3795 850 3874 etr⁸
870 3770 1027 3858 Pericle,
1067 3768 1242 3862 Xantippi
1270 3767 1361 3856 filio,

270 3919 377 3988 quem
389 3907 492 3990 pater
510 3909 668 3974 tutorem
679 3890 748 3974 libi
764 3915 801 4012 ct
816 3905 921 3977 fratri
939 3904 1104 3999 reliquit,
1134 3907 1202 3998 qui
1224 3931 1298 3976 non
1321 3907 1360 3974 in

269 4025 336 4100 hac
352 4033 468 4104 solum
482 4033 622 4108 civitate
638 4023 814 4136 quidquid
829 4039 985 4114 voluerit
997 4037 1120 4111 facere
1137 4050 1270 4132 potest,
1296 4039 1358 4110 sed

197 4199 567 4245 Ιἰω-ι---ηιιιιειιι-...ή

215 4314 228 4326 ’
288 4329 320 4407 l)
354 4331 459 4396 Locus
483 4349 528 4399 est
550 4362 674 4419 eorum,
700 4343 755 4424 qui
772 4343 935 4425 scriptoris
952 4345 1194 4412 inconstantiam
1214 4347 1358 4428 prodmrt‚

354 4456 423 4500 cnm
440 4441 578 4506 Pericles
594 4446 665 4511 hcic
679 4451 817 4512 sublatus
835 4472 908 4514 mox
925 4453 1057 4518 omnino
1074 4451 1277 4536 deprimitur.

895 4563 902 4599 l
