2984 5204
290 461 362 532 466
693 457 786 526 sur.¹
802 475 862 542 v.‚
893 477 975 546 ¹72·

993 587 1373 618 ..b—*-

289 737 406 821 ultro,
432 725 657 812 Accedami.
674 781 682 797 .
709 751 782 799 uon
799 731 830 800 si
847 728 1047 802 obsecret.“
1074 729 1274 801 Menander
1289 734 1376 824 apud

289 869 491 942 Donatum:
518 875 592 930 tna
609 896 642 930 u
657 893 805 944 κοιησως
831 865 905 936 Pro
923 889 968 936 aa
984 887 1082 934 nunc
1097 863 1261 948 Passow,
1287 865 1376 934 Nas-

292 1027 353 1073 εει·
375 1012 411 1071 et
431 997 606 1070 Orellius:
640 1019 733 1086 „nec
754 1001 887 1087 nunc,“
908 1000 1122 1092 quibuscum
1145 998 1282 1068 faciunt
1303 1001 1375 1066 cod.

292 1139 374 1230 Tig.
392 1145 427 1206 et
442 1133 497 1202 ed.
515 1131 726 1204 Murmellii.
769 1131 958 1224 Vulgatam
973 1134 1081 1204 ceteri
1099 1157 1225 1204 omnes
1240 1145 1379 1202 servant

290 1279 428 1364 praeter
443 1267 566 1338 Haun.
591 1289 621 1335 1.
643 1266 776 1360 inquo
799 1291 845 1336 ua
867 1292 975 1340 mauu
990 1269 1194 1340 recentiore
1209 1279 1378 1338 mutatum

293 1408 333 1474 in
353 1404 480 1493 „neo.“
538 1391 616 1474 Nea
640 1425 730 1494 opus
753 1416 806 1472 est
830 1405 1101 1490 emendatione,
1127 1427 1209 1471 curn
1232 1427 1277 1471 ne
1299 1401 1335 1469 b.
1358 1401 1379 1469 l.

274 1584 276 1593 ι
293 1539 450 1632 positmn
467 1545 521 1606 est
534 1559 604 1628 pro
619 1561 689 1624 „ue
704 1539 885 1631 quidem,“
906 1539 1004 1630 qu'od
1020 1539 1216 1608 Terentius
1230 1561 1381 1628 expres-

294 1675 357 1760 sit,
380 1671 557 1741 Horatius
576 1695 665 1742 vero
683 1671 813 1743 omisit.
864 1673 1039 1764 Exempla
1055 1673 1175 1742 omissi
1192 1671 1381 1764 „quidenr‘

294 1818 377 1902 post
405 1829 452 1876 ne
484 1803 556 1876 vid.
586 1805 733 1876 Petron.
763 1833 794 1874 c.
819 1831 853 1900 9.
881 1809 1014 1896 „cuius
1036 1831 1083 1876 na
1107 1808 1255 1900 spiritus
1277 1819 1381 1876 notus

297 1945 387 2014 est.“
404 1965 433 2010 c.
445 1939 503 2032 47.
520 1939 614 2029 „boo
629 1937 746 2010 solum
758 1953 880 2015 vetare
895 1965 941 2011 ne
956 1942 1050 2014 lovis
1065 1945 1213 2033 potest.“
1236 1943 1381 2012 Suetou.

294 2076 386 2172 Aug.
412 2077 468 2146 55.
495 2099 565 2162 „ne
586 2073 782 2144 admissum
805 2087 883 2146 uun
908 2080 1163 2169 quemquam.“
1218 2079 1292 2146 Pro
1314 2099 1385 2145 m·-

296 2193 421 2280 cessar
443 2209 543 2282 varie
563 2207 713 2302 legitur:
757 2235 948 2298 „arcessor
955 2263 969 2297 ,
1003 2223 1177 2299 arcessat,
1209 2233 1387 2293 accersor,

295 2365 471 2429 accersor,
497 2349 690 2414 accersat.“
720 2343 901 2414 Nimirum
916 2345 1027 2416 verbo
1041 2349 1278 2430 „accorsare“
1295 2359 1391 2413 sen-

295 2499 356 2546 sus
371 2475 542 2581 vocaridi,
566 2477 651 2548 huic
667 2476 750 2549 loco
766 2478 995 2566 conveniens,
1020 2479 1084 2546 sed
1099 2503 1133 2550 v.
1150 2477 1393 2563 „arccssere“

296 2612 509 2704 significatio
532 2615 716 2684 contraria
739 2611 906 2696 arcendi,
942 2611 1161 2706 prohibendi
1187 2633 1406 2704 perperam¹

296 2746 533 2820 tribuebatur.
550 2753 584 2832 *J
641 2747 763 2836 Ultro,
788 2759 927 2840 sponte,
951 2749 1009 2819 vel
1023 2749 1054 2818 si
1069 2733 1198 2832 mauis:
1224 2749 1393 2841 insuper,

297 2864 380 2974 quae
395 2882 560 2956 vocabuli
575 2885 628 2959 vis
643 2852 724 2954 laico
739 2907 844 2977 aeque
859 2883 953 2954 bene
970 2885 1144 2955 conuenit

302 3033 595 3098 ...ς-Τ...-

315 3151 348 3234 ¹')
380 3153 429 3212 De
447 3165 578 3235 utroque
596 3155 696 3216 rerba
719 3153 762 3215 ita
784 3155 893 3215 Velius
915 3155 1061 3233 Longus,
1083 3143 1172 3214 vetui
1194 3153 1394 3214 Grammati-

380 3279 452 3318 cus:
472 3263 528 3334 „In
547 3281 584 3319 ao
601 3261 685 3339 quod
700 3271 746 3320 ast
760 3256 893 3336 bruerio,
914 3279 1056 3335 accerso,
1078 3270 1271 3339 putaverunt
1287 3279 1393 3338 qnan-

320 3347 325 3356 ’
380 3361 451 3422 dam
472 3363 678 3436 difforantiam
694 3386 779 3443 osse,
800 3375 836 3426 ut
860 3383 985 3426 accerso
1013 3365 1053 3427 sit
1069 3387 1168 3444 voco,
1195 3376 1329 3426 tractum
1350 3365 1393 3423 ab

350 3495 353 3508 ·
378 3463 544 3541 ucciando,
565 3449 700 3546 arcesso,
719 3467 919 3546 summoveo,
940 3467 978 3528 ub
991 3471 1129 3532 arcendo
1139 3479 1282 3530 tractum.
1324 3467 1397 3528 seu

378 3582 575 3633 erraverunt.
617 3575 749 3637 Arcasso
774 3576 858 3636 enim
879 3595 941 3658 pro
966 3597 1003 3633 eo
1018 3573 1102 3654 quod
1120 3586 1166 3634 est
1181 3595 1272 3635 amco
1288 3595 1393 3634 num-

378 3695 470 3754 quam
485 3675 619 3754 positum
638 3684 712 3742 est.“
735 3681 864 3742 Pntsch.
881 3703 907 3742 c.
921 3685 1016 3742 '2232
1060 3679 1239 3742 Etvossius
1255 3679 1287 3740 in
1303 3681 1398 3758 Ety-

378 3780 549 3859 mologico:
570 3783 698 3860 „Multis
711 3787 903 3864 argumentis
915 3785 1062 3846 evincere
1070 3805 1242 3866 possumus,
1260 3805 1399 3846 accerso

378 3905 436 3967 por
455 3909 472 3948 c
494 3909 558 3948 non
583 3909 649 3950 esse
670 3890 838 3966 Latinum,
868 3893 921 3950 sed
936 3869 1165 3970 ¹posterioribus
1180 3888 1300 3948 sarculis
1315 3909 1401 3947 cor-

376 4001 505 4070 ruptum
522 4013 562 4054 ex
575 4013 706 4057 arcesso.
749 3996 823 4074 Quo‘
846 3995 1051 4060 correctiores
1075 3993 1160 4056 enim
1182 3992 1258 4053 libri
1273 4003 1401 4052 suntet

292 4086 296 4098 ⁹
377 4095 589 4176 antiquiores,
619 4121 742 4162 arcesso
764 4099 896 4176 babent,
923 4121 987 4160 non
1012 4121 1148 4164 accerso.
1197 4101 1265 4160 Nec
1286 4119 1427 4177 novus¹

376 4195 430 4258 hio
448 4221 557 4277 error,
582 4205 637 4265 sed
651 4227 669 4264 a
686 4207 847 4283 charisio,
872 4207 1032 4268 Diomede
1046 4217 1085 4282 ,et
1105 4183 1258 4286 Agrbetio
1282 4206 1402 4266 incul-

377 4309 473 4374 fflffl,
494 4305 575 4370 ticut
586 4309 679 4372 ctiam
695 4314 801 4392 glossa
817 4325 940 4374 veteres
957 4324 1123 4394 utrumque
1133 4309 1249 4372 habeut
1263 4329 1405 4370 accerso

291 4505 295 4512 .
376 4411 409 4464 ct
431 4425 568 4487 arcesso,
609 4414 642 4475 in
669 4415 729 4478 boc
752 4431 857 4480 autem
880 4417 1029 4480 meiiores
1055 4439 1147 4499 quam
1170 4415 1409 4494 Grammaticss

377 4508 450 4590 qni*
469 4522 637 4596 utrumque
660 4521 771 4584 eodem
795 4542 887 4584 sensu
916 4517 1139 4592 asumma,
1172 4521 1411 4619 permanerem
