3046 5206
589 439 857 544 ssr.1v.,'49.
1041 424 1050 442 ’
1194 447 1306 524 545’
1379 400 1382 430 Ι

184 585 1268 623 *mm-'m

183 721 262 812 nis,
286 719 484 798 comitiana
534 719 662 801 Puteal
686 741 774 798 vero
794 717 945 792 Libonis
960 729 1025 798 tera
1039 715 1117 790 tuit.
1168 722 1269 808 latii-

78 877 82 884 ·
185 865 269 928 cant
281 854 419 934 nummi
434 828 747 950 argenteireteres
755 907 768 942 ‚
789 853 828 932 itt
844 851 975 948 quibus
988 862 1044 930 est
1059 853 1177 952 inicgo
1197 879 1271 939 aree

185 1013 270 1070 curn
285 987 343 1060 his
358 987 496 1065 verbisz
521 984 648 1060 Puteal
659 987 850 1065 Scribonii,
895 985 1170 1069 Scriboniorum
1183 1011 1273 1068 aero

185 1145 387 1218 cognomen
414 1121 481 1196 ibit
509 1121 617 1196 Libo.
653 1121 752 1202 Hine
777 1121 952 1196 Horatius
975 1123 1044 1224 Ep.
1068 1132 1119 1215 (t,
1145 1149 1203 1230 19,
1228 1129 1272 1213 8)
1356 1107 1360 1114 ’

184 1259 325 1331 Forum
346 1253 541 1351 putealqtte
561 1255 715 1336 Libonis
734 1244 912 1337 nimdabo
937 1259 1058 1350 siccis3
1081 1271 1118 1332 et
1132 1259 1273 1352 Secta,

187 1393 321 1486 1155)
343 1390 437 1464 Anto
453 1389 644 1472 aecunslans
659 1390 812 1470 Roscius
827 1385 969 1479 orabat,
991 1391 1061 1463 sibi
1077 1391 1213 1472 adesse
1227 1393 1274 1466 ad

185 1525 310 1622 puteal
327 1547 417 1606 cres
467 1511 624 1602 Videtur
639 1535 758 1599 autem
771 1525 816 1606 de
830 1523 1003 1598 advocato
1019 1523 1131 1654 loqui,
1150 1551 1213 1624 qen
1203 1528 1276 1609 'ab

187 1661 306 1736 amico
327 1661 547 1756 rogabatur,
575 1669 617 1731 ut
639 1666 686 1738 ad
704 1655 828 1760 puteal
852 1657 921 1738 sibi
942 1661 1091 1740 adesset.
1155 1661 1276 1758 Atque

188 1797 318 1878 eadem
342 1796 450 1868 etiam
474 1795 676 1891 respexisse
697 1796 843 1870 ridetur
859 1795 1006 1874 Persius
1019 1797 1089 1876 Sat.
1106 1799 1141 1870 4
1148 1799 1203 1870 de
1217 1813 1278 1888 eo,⁴

189 1931 252 2024 qui
268 1930 313 2001 ad
325 1931 447 2026 puteal
461 1931 662 2024 peieraret:
705 1927 747 2000 St
765 1929 905 2026 puteal
922 1925 1010 2004 &u-
1041 1931 1182 2009 iurasse
1204 1955 1276 2004 au-
1302 1918 1305 1927 ’

174 2073 263 2138 'tem
284 2075 590 2158 arautenentes,
623 2063 779 2146 ostendit
797 2063 928 2148 Cicero
949 2087 1019 2160 pro
1041 2067 1171 2150 Finem
1190 2065 1277 2154 (56)

188 2195 291 2294 Ergo
313 2199 365 2288 is,
390 2199 453 2300 qui
476 2201 508 2270 si
530 2221 631 2270 uram
653 2209 780 2278 tenens
794 2170 953 2309 brrarct,
978 2203 1142 2270 crederet
1156 2223 1275 2298 nemo,

187 2357 258 2452 aar
273 2331 479 2438 epistotam,
504 2335 601 2426 qaod
616 2333 730 2420 volet,
756 2327 1175 2432 iniuratus-probarim
1225 2333 1276 2408 Ut
1417 2413 1424 2426 ,

187 2476 425 2562 mercatores,
442 2456 633 2568 'trapezitae
655 2477 692 2540 et
712 2465 935 2546 feneratores
956 2468 1112 2540 Romani
1135 2469 1174 2540 in
1189 2467 1273 2541 soro
1322 2531 1327 2554 ,

187 2603 233 2682 ad
255 2603 383 2680 Ianum
405 2601 660 2692 versabantur,
692 2602 787 2682 Hor,
811 2603 878 2694 Ep.
907 2623 938 2687 ι,
965 2605 1072 2688 1‚54.
1095 2612 1132 2670 et
1157 2623 1216 2692 ao,
1231 2605 1275 2696 ξι.

188 2735 258 2814 Sat.
276 2757 309 2821 o,
324 2737 360 2822 5,
379 2737 433 2803 18.
459 2736 524 2820 (ad
540 2759 647 2828 quern
660 2733 780 2814 locum
793 2733 876 2808 vide
886 2733 1165 2821 Heindorfium)
1178 2739 1228 2807 ita
1241 2753 1277 2812 et
1337 2821 1340 2844 Ι

192 2869 238 2940 ad
249 2866 372 2960 puteal
389 2865 515 2936 sonora
528 2876 678 2944 tractata
694 2865 824 2954 fuisse,
849 2865 929 2936 loce
949 2865 1114 2938 doeenta
1130 2871 1277 2964 Sigonio
1363 2865 1366 2876 ⁸

191 3003 316 3088 citata,
341 2999 471 3102 quibus
492 2995 593 3092 adde:
608 2998 684 3076 cie.
709 3019 779 3092 pro
795 2997 917 3070 Sextio
938 3001 970 3068 8.
997 2997 1104 3072 ovid.
1126 3003 1279 3090 Rooted,

191 3135 271 3210 Am.
294 3131 378 3230 567.
416 3113 497 3203 Hae
512 3133 556 3204 de
572 3153 614 3210 re
631 3142 735 3207 vetus
747 3130 958 3208 scholiastes
973 3133 1106 3206 Persii:
1131 3139 1278 3228 „liene-¹

192 3277 333 3348 ratores
350 3267 395 3338 ad
410 3265 534 3360 puteal
546 3267 728 3340 Scribonii
749 3267 902 3349 Libonis
919 3265 1081 3365 (Licinii)
1092 3275 1199 3364 'quod
1222 3287 1280 3360 est

192 3403 229 3474 in
244 3403 387 3496 porticu
407 3401 500 3474 iulia
516 3401 563 3472 ad
575 3401 775 3476 Fabianum
796 3425 918 3474 arcum
927 3456 940 3490 ,
963 3405 1156 3486 consistere
1176 3411 1278 3494 sois-

190 3539 311 3610 bant.‘⁴
362 3537 419 3608 Eo
444 3536 553 3608 etiam
566 3539 726 3632 pertinet
741 3511 942 3620 observatio
959 3541 1124 3620 Turnebi
1148 3545 1193 3618 ad
1216 3548 1279 3617 lo-

192 3673 334 3746 eumde
347 3673 479 3752 haeresi
494 3671 707 3752 Vestorium
721 3673 794 3753 Cio.
804 3673 950 3769 Ep-Att.
965 3677 1020 3766 14,
1037 3699 1092 3745 sa.
1119 3678 1279 3764 „Festos

192 3829 258 3878 nes
281 3783 455 3884 vocantur
477 3804 536 3888 hio
557 3803 713 3886 ioculari
727 3829 815 3882 voce
828 3807 1052 3890 feneratores
1066 3833 1088 3878 a
1103 3791 1278 3900 sariendo,

192 3937 331 4012 feriunt
352 3941 450 4014 enirn
470 3963 533 4010 eos
555 3939 694 4027 usuris,
719 3963 810 4032 quos
831 3942 1009 4020 obseratos
1027 3941 1170 4017 babent,
1221 3947 1277 4024 Ex
1385 3985 1389 4002 ·

193 4097 267 4166 quo
290 4083 327 4144 ei
343 4074 489 4154 Persius
502 4071 644 4167 scripsit
656 4069 729 4145 Sat.
745 4075 778 4150 4,
828 4071 1015 4170 Siputenl
1024 4126 1033 4144 .
1049 4073 1277 4173 ‚flagellasti

193 4209 344 4280 Advers.
371 4211 426 4298 13,
449 4208 481 4276 5.
520 4207 605 4302 Quo
630 4229 757 4276 sensus
792 4208 905 4279 nostri
928 4209 997 4278 loci
1017 4209 1113 4291 haud
1134 4214 1276 4306 ineptus

194 4343 433 4420 coristituitur.
466 4341 602 4420 Verum
619 4341 666 4414 ob
684 4341 869 4418 avaritiam
886 4363 919 4422 v.
936 4344 992 4436 47.
1010 4355 1161 4422 taxatam
1176 4371 1277 4440 pree-

193 4475 345 4556 srrrnde
360 4477 501 4556 videtur
515 4477 615 4550 notio
632 4477 818 4571 peierandi
834 4501 855 4548 a
869 4479 1013 4576 Sigonio
1029 4483 1163 4563 striata,
1194 4505 1278 4548 curn
1351 4474 1358 4488 ’
