2932 5206
191 477 195 486 ’
318 465 454 552 ιιο’
680 467 1016 570 ἐΑτ.ῐ.,78.79.
1135 449 1150 464 ’

284 781 288 790 ·
315 763 499 828 metentet.
553 751 660 826 Ovid.
685 751 917 844 lacrimaeque
937 769 1085 844 perora
1108 751 1275 822 cadentes
1297 755 1395 847 Seepc

197 935 201 957 .
314 913 398 962 meo
411 888 502 960 fiunt
516 885 770 960 lentusinore
786 874 922 956 cibua‘f
967 874 1016 957 Et
1029 883 1244 959 Turnebus:
1285 888 1394 976 „Pul-

315 1025 401 1098 vino
414 1021 572 1094 solet'nus
591 1041 658 1092 nos
678 1017 832 1107 atone,
858 999 941 1092 cuni
960 1021 1145 1127 sedemus?
1178 1029 1215 1088 et
1236 1021 1397 1094 cervicali

228 1231 237 1256 „
315 1167 440 1250 capnt,
459 1179 543 1228 cum
560 1155 744 1228 cubemus.
794 1153 944 1228 Atvero
958 1153 1130 1269 Antiope,
1154 1154 1256 1226 cuius
1268 1179 1332 1224 cor
1344 1165 1399 1224 tot

315 1265 492 1386 angebant
518 1303 692 1365 aerumnte
721 1301 759 1361 et
787 1289 945 1362 miseriis
980 1289 1170 1372 ‚obsessum
1199 1281 1398 1382 cingebant,

313 1425 445 1501 tultum
463 1411 600 1500 habere
615 1423 672 1496 bis
687 1449 753 1496 cor
766 1424 916 1516 dicitur,
948 1425 1047 1499 velut
1062 1424 1188 1496 nixum
1204 1435 1242 1494 et
1255 1423 1400 1496 incum-

314 1560 402 1630 bens
423 1557 486 1628 iis:
519 1557 732 1648 metaphora
752 1571 827 1626 nou
853 1555 981 1626 audaci
1001 1565 1160 1646 bunun,
1197 1559 1262 1632 aod
1284 1581 1400 1652 prope

218 1722 223 1734 ¹
302 1678 506 1792 ⁸tenieraria
528 1697 565 1762 et
585 1689 759 1774 absurda,
782 1685 866 1772 ¹sed
891 1684 938 1758 de
967 1685 1148 1758 industria
1170 1690 1332 1764 affectata
1354 1693 1401 1762 ad

176 1855 179 1868 ·
312 1821 413 1896 Accii
427 1823 612 1910 (Pacuvii)
625 1821 899 1896 similitudinem
922 1818 1198 1914 etexemplum,
1223 1827 1287 1918 qui
1306 1807 1401 1896 irri-

313 1959 454 2032 detur.“
473 1955 564 2035 Adv.
582 1941 642 2048 ab,
669 1957 726 2028 ²6.
751 1957 962 2046 Iurisioncnr
975 1965 1096 2028 umen
1110 1957 1298 2030 cacomlioe
1313 1969 1401 2028 un-

312 2107 390 2166 tum
412 2095 493 2166 voci
515 2092 574 2162 isti
594 2091 795 2184 magnificae
820 2087 1057 2185 luctificabile
1078 2091 1214 2184 inesse,
1229 2165 1235 2196 Ι
1252 2093 1401 2164 Passow

313 2251 384 2318 qua
398 2225 488 2296 solet
501 2223 693 2296 subtilitate
708 2225 926 2312 observavit,
950 2249 1034 2296 cum
1049 2227 1227 2300 sermonis
1234 2225 1403 2308 insolenr

311 2361 362 2430 tia
374 2356 586 2451 ceteroquin
601 2357 646 2428 ab
658 2355 803 2450 ingenio
818 2356 936 2430 Persii
950 2381 1025 2430 non
1040 2359 1088 2430 sit
1105 2361 1233 2432 aliena
1247 2358 1305 2450 θ)

382 2551 441 2651 7’9.
494 2557 582 2629 cod.
612 2555 735 2636 Hiun.
763 2556 911 2639 tertius:
960 2555 1064 2649 „Hos
1089 2557 1247 2628 monins
1275 2569 1404 2650 patres

310 2695 482 2787 pueris.“¹
521 2693 643 2764 Octeri
661 2691 846 2785 uulgatum
869 2701 907 2764 et
920 2690 1112 2764 meliorem
1127 2715 1320 2764 numerum
1335 2717 1403 2762 se-

311 2839 483 2922 quantur.
548 2799 719 2898 Monitus
742 2825 900 2916 scilicet,
924 2837 967 2898 ut
989 2825 1164 2896 dictiones
1184 2849 1205 2894 a
1225 2836 1404 2900 vetrutetc

301 2941 705 3055 'repetitas'sectenttin
744 2962 871 3054 pueris
904 2961 975 3055 ipsi
1002 2969 1172 3053 parentes
1206 2959 1403 3032 inculcant

309 3097 433 3186 „Sicut
456 3097 598 3190 omnia,
628 3119 712 3209 spes
732 3119 879 3192 quoque
894 3119 976 3166 sues
991 3093 1178 3168 ambitioni
1191 3093 1325 3166 donant
1350 3144 1360 3162 .
1392 3148 1402 3164 .

173 3301 178 3314 ,
215 3232 238 3280 '·
309 3241 347 3296 et
361 3206 602 3322 eloquentiam
614 3236 799 3325 (pravam)
812 3231 939 3326 pueris
954 3229 1406 3338 induuntadhucnasocn-

330 3569 363 3660 ⁴¹)
396 3568 446 3634 Ne
465 3591 544 3638 vcro
567 3575 602 3640 in
621 3579 750 3642 irrisum
768 3577 944 3643 Pacuvium
961 3575 1069 3659 inique
1083 3589 1268 3654 statuamus,
1288 3587 1408 3660 poetoe,

393 3681 479 3762 quod
499 3691 677 3764 temporum
701 3697 764 3764 cst,
783 3683 975 3760 tribuentes,
998 3681 1204 3764 epigramma,
1225 3682 1310 3762 quod
1329 3681 1408 3764 ipsc

394 3787 455 3848 sibi
469 3787 583 3868 posuit,
604 3810 675 3850 cnm
693 3810 792 3872 prope
809 3787 1035 3870 nonagenarius
1049 3785 1179 3850 Tarenti
1193 3786 1277 3848 diem
1294 3789 1410 3854 obiret

323 3922 331 3936 ·
395 3889 582 3974 Olympiade
604 3895 773 3956 secundum
799 3895 971 3955 Eusebium
997 3895 1064 3976 157.
1084 3893 1156 3956 heic
1173 3893 1215 3954 sit
1234 3913 1407 3976 aliponen-

393 4001 487 4074 dum,
523 4017 589 4060 non
618 3997 744 4076 quidem
769 3997 944 4064 nubtiaene
968 4018 1093 4078 cuens,
1122 3999 1179 4074 aed
1199 4001 1407 4064 verecundiae

394 4107 524 4186 plenum
549 4111 600 4180 et,
629 4112 664 4164 ut
686 4091 731 4192 ait
751 4103 872 4166 Gellius
879 4149 889 4182 ,
917 4105 1147 4185 elegantissima
1162 4106 1229 4179 cius
1246 4105 1408 4184 gravitate

395 4209 545 4288 dignum:
580 4207 805 4286 ‚,Adolescens,
843 4221 946 4274 tamon
980 4211 1040 4272 atsi
1071 4233 1236 4294 properas,
1271 4211 1335 4292 ¹lton
1370 4223 1408 4272 te

394 4333 503 4372 saxum
520 4323 625 4389 rogat,
655 4311 721 4374 utei
738 4319 777 4376 ad
793 4336 825 4374 se
840 4315 988 4396 aspicias,
1016 4316 1131 4380 deinde
1144 4317 1227 4396 quod
1240 4314 1409 4394 scriptu'st

394 4411 500 4495 legis}
531 4415 595 4474 'Hic
622 4427 693 4476 snut
709 4431 809 4496 poeta
825 4419 945 4481 Marcei
962 4419 1111 4482 Pacuviai
1128 4419 1278 4481 niteam.
1325 4419 1409 4482 Hoo

395 4523 537 4584 volebam
546 4563 556 4598 ,
577 4520 700 4582 nescius
714 4541 754 4582 ne
770 4543 862 4594 essa.
883 4525 994 4596 Vala‘f
1023 4525 1104 4588 Gall
1120 4526 1162 4594 N.
1174 4526 1214 4584 A.
1234 4543 1269 4602 t,
1290 4523 1345 4588 aa.
