3046 5206
594 445 682 534 sor,
705 462 784 545 rvi,
810 477 868 533 sn.

610 559 621 586 ,

188 597 1273 630 kunnu—nmmum

187 731 264 808 nsit
286 699 483 803 extrudere
505 755 664 822 merces,
696 732 837 804 irrienta
859 730 981 822 luero,
1011 743 1053 802 ut
1074 709 1277 808 Alcibiades

190 865 376 959 voluptati.
421 863 692 938 ltaslehaintret
717 889 823 956 „oum
831 865 958 940 Baucis
973 865 1074 938 olera
1089 887 1155 938 sua
1170 853 1278 962 emp-

188 999 407 1072 turientibus
420 997 518 1070 clara
532 1003 878 1089 recommendet,
895 981 1027 1073 'emto
1050 1024 1094 1072 ee
1116 1000 1279 1091 laudans·

190 1157 262 1228 qua
278 1133 374 1204 inre
389 1133 548 1204 cernitur
564 1133 642 1204 eius
658 1135 870 1227 supientia.“
893 1136 1060 1210 Ceterum
1069 1127 1276 1224 Turnebus,
1385 1200 1390 1211 x

190 1266 357 1340 Persium
379 1236 498 1340 ¹obiter
520 1275 557 1344 et,
576 1267 614 1344 iu
635 1277 845 1338 transcursu
863 1269 1056 1360 attingens,
1098 1267 1277 1340 duos'hos

190 1423 314 1476 versus
335 1402 452 1480 fimus
472 1400 636 1504 tractarit
661 1401 731 1476 elie
756 1397 1057 1476 adversariorum
1067 1398 1149 1475 loco
1166 1397 1279 1492 15‚¹;e,·

191 1559 299 1630 quem
323 1537 518 1634 ebrorum
541 1537 580 1604 in
602 1533 875 1626 interpretando
897 1535 1072 1604 iudicium
1085 1533 1221 1628 pariter
1235 1557 1278 1604 ao

190 1671 401 1753 modestiam
430 1667 662 1754 eruditissimi
692 1666 763 1751 'tiri
797 1665 881 1746 heic
912 1665 1011 1748 lubet
1031 1689 1224 1772 apponere·
1241 1671 1277 1760 *)

192 1911 486 1942 ‘m

211 2095 242 2174 ⁹)
275 2099 331 2172 „ln
348 2115 386 2156 eo
404 2093 474 2156 iere
490 2092 649 2175 profundo
663 2101 773 2174 puteo,
791 2091 825 2154 in
839 2113 901 2178 quo
919 2091 1091 2156 demersam
1105 2089 1275 2154 nemost

274 2211 325 2260 tus
340 2199 439 2260 latere
454 2197 619 2260 veritatem
636 2199 773 2278 putavit,
791 2200 912 2284 iturum⁸
920 2201 1021 2261 Persii
1033 2197 1141 2260 Satires
1154 2197 1184 2258 4.
1200 2215 1276 2266 vcr-

274 2322 364 2364 snum
373 2303 528 2366 sententia
542 2305 694 2364 occultata
709 2301 834 2364 videtur
848 2304 962 2364 celari:
983 2307 1069 2366 Dum
1084 2325 1121 2362 no
1132 2341 1157 2362 ..
1168 2318 1276 2378 ocyma

274 2429 401 2482 aarum
421 2427 523 2488 neque
540 2425 606 2467 eam
616 2451 626 2482 ‚
648 2415 684 2466 ut
695 2415 795 2484 peetus
813 2403 997 2488 loquuntur,
1018 2407 1052 2469 in
1066 2406 1132 2468 dias
1147 2403 1276 2470 luminis

272 2521 472 2575 aurasium
489 2509 630 2572 obscuris
657 2509 785 2570 latebris
802 2513 946 2590 prolerre
961 2533 1051 2593 posse
1065 2533 1113 2578 rue
1130 2508 1275 2574 vendita-

271 2617 392 2694 verim,
421 2617 476 2678 sed
496 2620 641 2678 censitum
664 2615 837 2676 strrdiesnm
862 2627 893 2678 ot
914 2637 1041 2697 operam
1055 2635 1185 2694 gnaram
1198 2631 1275 2690 pre-

272 2722 431 2796 miserim,
461 2739 529 2799 quae
547 2719 701 2778 rivorum
725 2719 870 2799 attinget,
900 2721 1034 2780 fortune
1056 2719 1276 2798 potiusquam

274 2823 446 2884 eruditioni
475 2823 681 2896 attribuatur,
713 2833 757 2882 nt
780 2823 807 2881 si
830 2827 948 2886 aleator
969 2827 1127 2886 Venerem
1151 2820 1276 2886 iaceret.

274 2929 341 3006 Ego
356 2934 460 2986 autem
475 2933 512 2985 ut
527 2925 568 2985 ad
584 2945 651 3014 rem
666 2925 829 3003 accedam,
851 2947 960 3010 magno
974 2929 1092 2990 ambitu
1107 2925 1275 2988 verbor-suu

273 3049 371 3113 pauco
388 3030 545 3090 elocutum
564 3028 708 3090 Persium
722 3031 884 3110 existimo,
906 3043 941 3094 ut
956 3045 1054 3113 pectre
1071 3031 1209 3094 munifici
1224 3031 1276 3092 in-

274 3137 402 3200 terdum
422 3143 511 3211 sunt,
532 3142 565 3194 et
588 3135 756 3197 verborum
775 3135 854 3216 largi
877 3147 909 3198 ct
923 3157 1020 3218 prope
1033 3137 1174 3219 profusit
1201 3157 1275 3202 sen·-
1332 3162 1336 3172 ’

273 3240 405 3337 tentiam
423 3239 507 3300 enim
531 3249 625 3332 ppte,
652 3259 724 3302 sum
744 3260 807 3301 non
828 3242 898 3320 plus
914 3265 1005 3324 quam
1022 3244 1188 3306 clocarium
1203 3265 1275 3304 mu-

272 3345 436 3416 lierculam
451 3363 570 3424 sapere.
611 3342 751 3408 Olitorss
768 3343 852 3405 enim
869 3345 902 3406 in
920 3349 1138 3412 abiectissimis
1150 3359 1182 3410 et
1195 3371 1275 3410 eon-

275 3449 715 3532 tcnrptissimislrobebontur,
745 3461 779 3512 ut
790 3455 996 3532 'proverbium
1021 3455 1156 3518 indicat:
1186 3457 1274 3538 Sapo

273 3543 433 3618 eliam'est
457 3555 552 3618 oliter
573 3546 666 3618 valde
681 3564 855 3636 opportuna
872 3557 1048 3638 loquutus3'
1067 3558 1274 3636 mulieresque
1358 3627 1361 3642 Ι

273 3661 431 3728 vilissime
445 3663 530 3723 olere
545 3663 731 3738 vendebant,
754 3672 784 3722 et
793 3637 851 3742 per
866 3664 976 3724 urbem
988 3661 1194 3742 promercalia
1207 3659 1274 3718 clas

274 3765 434 3827 nudabant
485 3768 537 3829 Sic
550 3765 715 3830 Petronius
731 3769 895 3830 mulierem
915 3777 1033 3852 agreste
1050 3765 1117 3826 olus
1134 3761 1275 3822 renden-

275 3879 338 3929 tonr
353 3870 448 3947 dixit,
468 3883 500 3932 et
516 3873 555 3931 ab
568 3870 775 3951 Aristophane
788 3866 936 3951 Euripidi
952 3879 1051 3930 muter
1068 3865 1275 3942 exprobratur

276 3971 410 4034 oleras-ie
431 3975 451 4034 i.
465 3997 492 4034 e.
513 3969 760 4050 lutmiorum
788 3975 865 4054 quin
888 3985 920 4035 et
944 3973 1046 4052 ipsum
1065 3961 1273 4037 maimoni

274 4095 311 4136 ea
326 4079 364 4138 de
382 4097 487 4138 caussa
501 4079 643 4158 appellet,
661 4083 800 4163 quodne
819 4081 965 4142 hor-tense
984 4075 1109 4156 quidem
1126 4075 1274 4138 eiuscius

274 4191 394 4252 mater,
421 4183 475 4242 sed
489 4193 608 4262 agreste
626 4187 782 4247 venderet.
830 4187 935 4266 Lepos
948 4193 1050 4244 autem
1068 4181 1210 4260 quesitus
1227 4193 1275 4246 est

273 4305 314 4348 ex
329 4285 492 4349 dicacitate
509 4287 762 4350 muliercularum
778 4311 893 4367 earum,
913 4286 1118 4362 clamantium,
1139 4307 1171 4346 se
1186 4289 1273 4348 olera

272 4393 438 4454 venditare
461 4391 619 4456 dissolutis
638 4407 669 4456 ot
689 4417 820 4478 nequam
842 4395 958 4472 servis,
982 4393 1200 4476 peculiumque
1219 4393 1272 4454 in-

243 4571 250 4582 ,
274 4509 483 4584 temperanter
505 4501 743 4584 dissipantibus,
778 4505 864 4585 quasi
887 4527 940 4568 eos
959 4505 1022 4569 sint
1046 4505 1084 4564 ad
1102 4501 1222 4580 frugem
1241 4517 1272 4566 rt
