2984 5204
475 496 488 510 ,
542 405 633 500 666
650 449 703 518 vs,
733 431 813 501 186.
1161 443 1229 512 481

142 573 1235 608 *m*

137 695 184 780 ⁸ut
206 679 437 782 exsorbuerit
461 705 631 800 quisque,
664 705 804 800 calyces
826 709 1128 805 cochlearumque
1141 735 1235 806 pro·
1266 771 1268 783 .

143 845 239 942 tinus
251 841 387 934 ·rrangi‚
413 849 475 910 aut
492 843 636 914 eosdem
653 839 899 916 cochlearibus
915 845 1132 938 perforari.“
1155 849 1237 920 Sae-

79 989 81 996 '
145 976 290 1050 vicbant
313 975 487 1046 nimirum
510 975 611 1069 stylis
636 977 746 1046 aeneis
768 975 974 1073 acubusque
1004 980 1174 1054 veneticae
1196 984 1236 1052 in

145 1119 253 1182 testas
270 1082 436 1196 ovorum,
459 1109 605 1182 nomina
619 1107 679 1182 vel
694 1109 884 1184 simulacra
897 1135 1039 1200 eorum,
1062 1137 1151 1210 quos
1166 1116 1236 1186 de-

146 1243 326 1316 vovendus
364 1245 433 1315 sibi
470 1243 742 1338 proponebant,
792 1245 921 1318 additis
951 1248 1236 1346 incantamentis,

147 1397 418 1471 nonnumquam
441 1389 479 1450 et
497 1378 573 1472 igni
595 1375 674 1450 haec
688 1373 933 1508 admovebanp
959 1381 1064 1456 ovid.
1081 1381 1239 1454 Heroid.

148 1509 184 1598 6,
200 1508 396 1604 91.Asnor.
414 1513 449 1602 5,
467 1535 502 1606 7,
519 1531 576 1607 29.
617 1511 729 1604 Quod
740 1513 953 1586 veneficium
968 1527 1010 1586 ut
1023 1526 1237 1602 averterent,

148 1645 211 1738 qui
231 1669 276 1716 eo
300 1669 338 1716 se
359 1647 442 1718 laedi
465 1645 730 1735 existimabant,
764 1669 918 1720 ovorum
933 1646 1237 1744 cochlearumque

147 1779 331 1871 putamina
359 1779 579 1880 sraugebant
654 1781 753 1854 lllius
794 1783 1054 1876 superstitionis
1089 1785 1238 1878 vestigia

148 1915 351 1986 etiamnunc
372 1914 554 2008 reperiri,
586 1926 713 1988 nutum
728 1926 791 1988 est.
841 1915 927 1988 Huc
944 1917 1051 1988 etiam
1066 1917 1238 2027 reterens-³

148 2051 235 2122 dum
258 2049 450 2144 augurium
469 2047 583 2122 [irim
607 2051 780 2124 Drusilla
804 2073 850 2122 ex
873 2073 944 2124 oro
966 2061 1120 2144 captum.
1138 2051 1238 2158 „Ptin
1295 2145 1299 2156 .

146 2183 197 2255 Η.
214 2184 259 2256 Ν.
281 2207 337 2276 ro,
355 2185 413 2256 55.
440 2149 687 2296 Suetons'l'ib.
707 2187 763 2258 14.

233 2319 315 2390 186.
378 2315 480 2388 Tum
508 2319 676 2414 grandes
707 2317 823 2390 Galli.
874 2319 928 2390 lta
949 2317 1114 2412 legerunt
1133 2319 1237 2390 codd.
1345 2386 1352 2400 ,

146 2449 270 2522 Haun.
290 2471 324 2520 6.
344 2453 376 2522 5.
393 2453 427 2520 4.
445 2455 479 2520 6.
498 2449 542 2518 6.·
558 2459 626 2522 ret.
643 2449 858 2524 Scholiastes
881 2452 1021 2539 (Editio
1044 2453 1099 2524 El.
1115 2447 1240 2525 Vincti

148 2585 271 2656 etcod.
281 2581 401 2656 Haun.
417 2583 663 2656 r.cumtribus
671 2607 706 2677 p.
717 2587 800 2657 480.
811 2585 930 2656 dictis:
956 2585 1120 2672 ‚‚'1'um“)
1129 2585 1239 2656 Mur·
1292 2557 1298 2577 ⁸
1352 2632 1357 2640 ·

148 2716 312 2807 mallius,
342 2717 519 2808 Bondius,
548 2715 755 2806 Mamilius,
779 2715 1060 2806 Wedderburn,
1080 2718 1240 2806 Pessow,

150 2849 313 2924 Orellius
319 2862 354 2922 et
361 2851 511 2942 Weber,
526 2851 623 2946 quod
636 2847 780 2922 lectioni
794 2849 942 2940 „flinc“
956 2845 1239 2942 praeferendum.

152 2983 271 3071 Galli,
294 2985 494 3056 sacerdotes
508 2983 674 3078 Cybeles,
698 2985 790 3056 Deoe
801 2983 990 3078 Phrygias,
1016 2983 1241 3056 cuiuaetiam

151 3117 268 3190 cultus
286 3117 332 3188 ad
346 3117 547 3190 Romanam
561 3117 856 3212 superstitionem
869 3115 1079 3210 pertinebat
1106 3117 1240 3206 ,Galli

150 3251 371 3328 uocabantur
386 3277 409 3324 a
422 3253 539 3342 Gallo,
561 3253 711 3324 fluntine
729 3251 909 3347 Phrygiae,
933 3249 1037 3322 cuius
1053 3251 1116 3346 qui
1131 3275 1242 3346 aquas

151 3386 310 3478 biberat,
343 3387 394 3458 ita
418 3386 545 3460 harere
568 3375 779 3482 incipiebat,
809 3399 851 3459 ut
869 3411 908 3458 se
931 3388 1009 3480 ipse
1028 3374 1243 3460 'amburat‘

150 3522 287 3594 Festus.
341 3519 517 3593 Grandes
544 3523 732 3612 dicuutur,
757 3531 799 3592 ut
821 3520 1064 3616 Archigallus,
1097 3521 1242 3594 matistes

153 3679 293 3744 eorum,
306 3655 494 3748 „ingens,“
507 3656 663 3730 luvenal.
682 3653 889 3746 6,5u.1110
905 3655 948 3726 ab
964 3655 1091 3732 eodem
1110 3675 1142 3743 a,
1160 3673 1241 3724 112.

152 3788 203 3857 ita
218 3777 453 3862 describitur:
490 3791 628 3878 „Crine
650 3811 762 3860 senex
785 3787 959 3860 fanaticus
981 3784 1082 3874 albo,
1107 3783 1244 3856 Sacro-

153 3945 238 3992 rum
264 3921 426 4010 arinates,
468 3946 594 3997 rarum
624 3931 661 3996 et
677 3923 911 3996 memorabile
933 3905 1055 4016 magui
1076 3919 1244 4022 ,liutturis

153 4054 380 4149 exemplum,
415 4059 739 4153 conducendusque
766 4055 973 4150 magister,“
995 4055 1021 4122 1.
1045 4077 1077 4126 6.
1101 4055 1243 4148 dignm,

156 4189 218 4284 qui
251 4191 298 4259 ad
327 4189 563 4262 instituendos
591 4193 735 4284 gralosos
764 4193 949 4262 Romanos
970 4187 1243 4280 conduceretur,

154 4347 236 4394 curn
260 4321 340 4394 aliis
365 4325 581 4397 obscenitate
602 4339 637 4398 et
650 4323 733 4421 gula
749 4321 982 4396 antecelleret.
1032 4297 1245 4398 666166116-

153 4434 226 4570 tem
241 4457 376 4532 horum
393 4459 619 4532 sacerdotum
641 4463 792 4533 mutum
808 4461 903 4553 apud
916 4460 1118 4620 Rompnos,
1142 4481 1245 4550 prue-

1032 4577 1044 4618 ²
1239 4565 1245 4578 .
