2984 5204
259 345 331 424 456
664 336 755 409 snT'.
776 357 833 422 sn,
857 338 936 407 151.
1321 333 1339 378 Ν

255 439 972 510 Μ

254 625 405 707 borium,
430 611 644 690 et'mortom
663 611 827 683 ultimam
850 605 978 684 re'runi
1004 611 1137 684 buenni
1162 613 1333 704 predicat

256 754 415 851 assurge
432 748 648 842 assequi
665 771 748 820 cum
761 747 907 820 sonans
921 749 1035 830 istan
1051 725 1258 832 dicebatur,
1283 747 1337 816 un

255 888 436 962 tristitiam
457 885 543 958 rino
565 884 737 970 dilueret,
775 871 871 954 Hor.
899 855 941 954 A.
966 884 1010 954 Ρ.
1034 885 1116 954 aod.
1142 881 1339 952 contristari

257 1047 344 1098 vero
375 1031 411 1094 et
432 1019 660 1109 defraudari,
702 1041 784 1088 curn
805 1041 917 1116 parce
938 1029 975 1092 et
996 1017 1138 1088 duriter
1159 1017 1340 1104 victitaret,
1425 1099 1426 1102 Ἴ

261 1191 555 1234 ......--ἰ-..-..

341 1365 419 1406 num
441 1343 644 1424 prestabant,
678 1361 784 1422 enque
811 1339 940 1417 „civiles
965 1351 996 1402 et
1021 1341 1171 1404 modicn“
1200 1339 1344 1404 dicuntur
1429 1372 1430 1388 .

338 1449 475 1511 Plinii.
492 1449 531 1508 N.
553 1450 598 1522 tls,
616 1452 646 1507 l.
674 1445 877 1506 Conveniunt
900 1465 973 1506 cnm
994 1445 1173 1522 hodiernis,
1200 1467 1267 1528 qun
1292 1465 1343 1506 sex
1430 1452 1431 1462 ¹

339 1574 398 1633 pro
414 1551 560 1640 *centenis
582 1550 717 1610 reddere
744 1549 903 1612 dicuntur.
951 1553 1150 1632 ρυίιιοιιιιςοε
1172 1551 1298 1614 tertiam
1318 1561 1346 1610 et

341 1655 559 1718 duodecimam
579 1645 700 1734 parterii
726 1651 830 1718 uncia
853 1653 888 1714 in
904 1674 1064 1731 mensem,
1088 1657 1224 1739 quinque
1240 1655 1346 1746 atteias

339 1761 375 1820 in
398 1779 513 1822 minum
536 1759 726 1836 reddebant,
750 1759 774 1818 i.
799 1757 983 1840 equitique
1004 1781 1064 1844 pro
1088 1762 1239 1828 erumnis.
1288 1761 1347 1822 Eas

339 1885 450 1928 usuras
465 1847 842 1930 levioribus'snnumerat
854 1863 1008 1946 Ulpianus
1026 1885 1055 1947 7,
1079 1886 1125 1930 ro.
1167 1868 1209 1928 D.
1225 1867 1267 1928 de
1284 1865 1346 1926 Ad·

248 2033 252 2044 ,
342 1969 478 2034 ministr.
497 1971 609 2032 Tutor.
627 1980 659 2028 et
682 1970 808 2035 Persius
829 1973 987 2032 modestae
1010 1973 1155 2057 appellat.
1202 1971 1348 2038 Trientes

346 2079 471 2140 tertiam
490 2085 608 2156 partem
625 2075 723 2138 uncias
741 2073 776 2140 in
791 2095 949 2152 mensem,
972 2057 1228 2160 quatuordecies
1245 2075 1279 2136 in
1293 2095 1350 2134 an-

342 2203 434 2258 num,
463 2182 486 2244 i.
506 2183 573 2242 als
595 2200 652 2259 pro
675 2178 834 2257 centenis;
871 2181 1069 2263 Quadrantea
1089 2201 1186 2262 porro
1211 2189 1351 2262 quartam

341 2297 462 2366 partem
480 2285 580 2346 uncie
597 2285 631 2346 in
646 2304 799 2358 mensem,
829 2293 893 2344 tres
908 2285 1017 2346 uncias
1032 2284 1064 2344 in
1080 2305 1197 2346 annum
1206 2329 1217 2358 ,
1248 2283 1272 2343 i.
1285 2305 1311 2344 e.
1331 2283 1352 2344 3

342 2409 401 2469 pro
417 2389 556 2450 centenis
570 2391 756 2450 reddebant.
807 2390 969 2448 sextantes
992 2407 1070 2450 vero
1091 2399 1208 2452 sextam
1229 2399 1354 2468 partam

341 2493 443 2554 uncias
456 2493 590 2573 singulis
607 2495 781 2569 mensibus,
798 2493 872 2552 duas
887 2490 995 2552 uncias
1010 2502 1153 2554 vertente
1167 2512 1268 2566 anno,
1296 2491 1352 2550 rel

342 2599 406 2660 duo
422 2620 481 2679 pro
495 2602 636 2662 centenis
648 2601 843 2682 prestabant.
886 2598 964 2675 Quae
981 2597 1114 2679 denique
1126 2577 1353 2663 duodecimam

343 2715 465 2785 partem
476 2705 575 2766 uncias
591 2704 723 2786 singulis
738 2683 905 2779 mensibus,
920 2713 952 2764 at
967 2701 1089 2781 integro
1103 2723 1185 2764 anno
1195 2701 1353 2782 integram

345 2809 484 2886 sanciam,
512 2810 565 2870 rel
585 2831 683 2872 unum
700 2831 763 2892 pro
786 2808 927 2872 centenis
948 2807 1139 2884 reddebant,
1169 2809 1354 2872 dicebantur

345 2933 448 2988 usura
462 2913 562 2974 uncie
578 2914 629 2974 vel
644 2908 812 2990 unciaria,
835 2915 912 2976 Tac.
928 2913 1039 2978 Annsl.
1056 2913 1085 2989 6,
1104 2915 1152 2978 16.
1170 2935 1209 2976 ex
1225 2935 1287 2995 qno
1302 2915 1351 2974 sa-

346 3017 407 3078 eile
429 3019 523 3080 etiam
546 3031 649 3102 patet,
678 3021 836 3101 quodnam
861 3017 960 3080 fuerit
978 3020 1069 3080 fenus
1099 3019 1355 3082 semiunciarium

345 3122 420 3186 Liv.
437 3141 465 3202 7,
482 3143 534 3202 27.
578 3125 713 3186 Minime
730 3110 807 3184 ¹vero
822 3123 871 3184 bis
885 3121 1002 3200 usuris,
1029 3143 1070 3184 ne
1086 3125 1264 3186 centesimis
1281 3122 1353 3204 qni-

247 3229 249 3240 ‘
320 3227 435 3307 stem,
461 3238 608 3290 contenta
629 3229 692 3291 snit
714 3229 931 3290 feneratorum
953 3227 1095 3289 avaritia.
1142 3229 1350 3309 Praeterquam

345 3325 431 3388 enim
454 3335 539 3409 quod
560 3338 689 3398 modum
709 3341 874 3396 usurarum
896 3331 1070 3412 legitimum
1087 3335 1176 3396 miris
1190 3334 1353 3394 fraudibus

345 3433 544 3512 evertebant,
567 3459 631 3500 non
651 3439 835 3499 dubitabant
852 3437 892 3513 ii,
915 3437 970 3516 qui
988 3439 1076 3525 malis
1090 3437 1280 3519 incertisque
1292 3459 1350 3498 no-

346 3534 483 3596 minibus
500 3541 686 3616 eredcbant,
716 3525 826 3602 neuras
849 3543 1027 3605 centesimis
1048 3543 1182 3604 maiores
1203 3543 1351 3624 stipulari.

346 3639 430 3714 Turn
446 3659 522 3717 vero
547 3656 580 3706 et
604 3665 702 3706 msam
720 3643 900 3706 usurarium
919 3648 1184 3727 multiplicabant,
1204 3660 1236 3709 et
1249 3659 1352 3729 partes

348 3743 424 3850 eius,
442 3746 601 3828 exigentes
619 3751 779 3831 aliquanto
795 3771 888 3831 snpra
902 3751 1074 3830 legitimam
1091 3773 1256 3814 usurarum
1268 3773 1355 3814 sum-

347 3867 441 3927 mam,
462 3873 492 3912 v.
510 3873 536 3914 c.
551 3853 650 3933 binas,
669 3864 783 3931 ternas,
801 3855 994 3932 centesimas,
1015 3857 1058 3918 ita
1075 3867 1189 3935 tamen,
1210 3869 1245 3928 nt
1261 3879 1354 3920 num-

349 3973 442 4032 quam
473 3957 512 4020 ab
546 3959 621 4021 assis
646 3961 768 4029 ratione
789 3959 995 4025 discederent.
1057 3963 1152 4022 Binas
1173 3963 1357 4024 centesimas

350 4070 474 4122 exactas
490 4083 509 4122 a
525 4063 755 4129 feneratoribus
775 4075 999 4127 commemorat
1013 4065 1127 4128 Cicero
1143 4067 1202 4128 Or.
1219 4069 1310 4126 Varr.
1327 4069 1357 4140 3,

277 4172 279 4186 ¹
349 4179 398 4238 7¹·
415 4163 573 4244 triplicem
591 4191 715 4232 usuram
731 4171 783 4234 vel
799 4181 921 4233 ternam
938 4169 1139 4234 centesimam
1153 4172 1310 4234 Iuvenalis
1328 4191 1357 4250 9,

350 4281 379 4342 7.
399 4263 572 4340 Quaternas
589 4295 697 4336 usuras
715 4287 884 4358 exegerunt
899 4277 1042 4358 Scaptius
1060 4289 1092 4340 et
1107 4277 1274 4355 Matinius,
1294 4277 1360 4340 im-

345 4366 565 4448 pudentissimi
578 4376 808 4458 feneratorum,
830 4383 880 4444 vel
891 4383 996 4462 potius
1014 4385 1145 4464 Brutus,
1171 4367 1358 4464 quinorum
