3046 5206
242 499 313 568 350
693 496 781 582 ssjr.
800 513 856 564 rr.

834 639 1327 662 *m

214 794 217 800 “
241 799 319 848 eam
336 771 561 844 scribendam
579 795 616 870 se
630 769 853 862 accingeret,
886 780 1051 863 quantam
1072 748 1150 842 rem
1166 782 1202 842 et
1217 797 1325 866 quarn
1427 769 1435 784 '

181 912 184 921 ⁴
217 879 223 888 ⁸
239 879 479 1006 periculosam
493 906 694 990 moliretur,
720 913 804 975 eum
819 905 933 997 igitur
946 878 1097 974 consilio
1112 907 1324 998 prudentis·-

171 1127 180 1150 ἡ
212 1125 214 1130 ,
240 1049 330 1115 simo
348 1031 416 1109 hbc
431 1047 679 1130 argumentum
699 1037 855 1110 Platonis
868 1040 1066 1110 imitatione
1082 1040 1149 1111 sibi
1163 1051 1325 1136 tractan-

239 1181 326 1250 dum
339 1174 535 1258 censuisse,
559 1193 635 1242 non
650 1169 766 1240 solum
780 1174 985 1246 nominibus
1000 1173 1085 1242 inde
1100 1147 1249 1267 petitis,
1261 1165 1335 1248 sed'

177 1357 181 1362 -
241 1313 349 1381 etiam
366 1307 540 1378 sententia
554 1305 818 1398 propemodum
832 1309 1012 1396 universa,
1036 1318 1076 1378 ut
1090 1310 1120 1380 si
1138 1309 1217 1404 quis
1231 1309 1324 1386 lorte

240 1449 436 1539 Corynaeus
448 1449 510 1512 aut
523 1443 683 1534 Cercops
699 1461 832 1510 nomen
847 1443 959 1534 ipsius
977 1443 1157 1530 deferret,
1184 1444 1323 1538 proba-

239 1579 303 1653 bili
324 1577 552 1650 excusatione
573 1583 694 1688 posset
712 1571 844 1644 factum
861 1599 965 1648 suum
980 1577 1196 1666 defendere,
1222 1577 1324 1671 quasi
1409 1623 1415 1632 ·
1513 1605 1514 1618 κ

238 1711 426 1785 exercendi
449 1721 588 1782 tantum
609 1707 680 1779 stili
700 1732 823 1778 caussa
841 1710 994 1802 petitum
1020 1733 1041 1779 e
1065 1707 1168 1782 libris
1192 1711 1323 1782 smnmi

235 1845 439 1950 philosophi
449 1852 699 1939 argumentum
707 1839 843 1919 Latinis
857 1845 1022 1916 versibus
1031 1855 1202 1916 tentasset
1215 1869 1324 1916 cona-

234 1982 354 2079 plecti.
405 1980 498 2054 Cum
516 2001 606 2053 vero
623 1977 786 2066 Persius,
811 1977 908 2072 quod
930 1979 1064 2050 fatetur
1084 1957 1161 2073 ipse
1181 1977 1322 2049 Caseu-

233 2119 371 2207 bonus,
394 2117 438 2190 ab
464 2113 631 2186 omnibns
653 2113 883 2196 abstinuerit,
908 2131 990 2206 quae
1011 2113 1168 2186 Neronis
1190 2095 1333 2206 perso-·

233 2273 317 2320 nam
346 2248 515 2340 proprie*
530 2253 649 2315 essent
670 2243 900 2330 denotatura,
938 2269 1007 2320 nec
1026 2247 1118 2320 illud
1138 2249 1323 2321 Neronem

234 2379 404 2471 carpendi
427 2374 615 2452 consilium
641 2370 830 2465 scriptoris
849 2378 977 2446 lectori
1001 2401 1057 2464 se,
1082 2382 1153 2450 nisi
1175 2382 1323 2470 volenti,

232 2513 376 2600 offerat,
399 2533 467 2580 nec
483 2502 843 2583 sisisdifficultatr'bus
857 2519 994 2596 careat,
1017 2483 1108 2581 hano
1129 2513 1321 2602 interpre-

231 2649 329 2720 tandi
341 2643 437 2720 riam
451 2645 688 2715 deseruerunt
702 2643 924 2714 recentiores
939 2649 1079 2713 tantum
1092 2665 1165 2714 nou
1181 2665 1321 2734 omnes,

163 2855 166 2866 ,
230 2751 368 2876 praeter
388 2781 414 2852 1.
433 2779 473 2850 O.
492 2779 532 2850 F.
550 2775 781 2864 ltlcisterurn,
801 2775 1096 2848 iurisconsultum
1119 2776 1322 2849 celeberri-

232 2939 352 3008 mum,
380 2914 426 2986 de
449 2911 747 3006 interpretatione
769 2908 905 2998 Persii,
935 2922 976 2980 ut
1000 2921 1082 2981 ante
1103 2913 1321 3001 monuimus,

196 3075 208 3100 .
232 3051 366 3142 optime
389 3049 578 3133 meritum,
604 3047 666 3140 qui
688 3039 895 3114 irs-libellis:
935 3047 1193 3118 commentatio
1215 3045 1253 3116 in
1274 3043 1317 3116 A.

229 3183 346 3253 Persii
361 3181 482 3252 Flacci
498 3181 651 3252 Satircm
670 3187 852 3271 quartam,
878 3179 979 3250 Trai.
998 3181 1044 3251 ad
1065 3181 1191 3252 Viadr.
1212 3181 1316 3273 1807.

229 3327 266 3384 et
279 3315 405 3384 Letzte
420 3315 569 3386 Studien
585 3314 675 3386 tiber
689 3311 730 3382 Α.
747 3312 893 3384 Persius
907 3313 1068 3400 Flaccus,
1093 3313 1193 3407 Lips.
1214 3311 1315 3384 1812.

229 3445 473 3538 antiquiorum
488 3445 720 3534 sententiam,
744 3447 849 3518 novis
873 3447 1073 3519 rationibus
1096 3413 1315 3531 inbtructam,

228 3579 368 3652 erudite
390 3588 426 3650 et
439 3579 626 3672 ingeniose
641 3580 731 3650 adeo
748 3577 925 3670 defendit,
948 3553 1314 3670 ut'argumontornm,

138 3759 142 3766 ·
227 3737 309 3810 quas
325 3709 458 3801 attulit,
484 3735 623 3784 summa
643 3716 683 3784 in
705 3713 953 3808 disquisitione
973 3710 1080 3784 buius
1104 3711 1223 3783 satirae
1239 3731 1316 3779 non

226 3851 391 3923 videatur
403 3839 611 3924 omittenda.

303 3984 522 4072 Alcibiades,
548 3983 617 4070 ait,
642 3950 743 4055 Nero
757 3993 821 4054 est.
866 3955 938 4054 'nte
951 3981 1091 4053 Graecis
1106 3978 1232 4066 rebus,
1255 3977 1316 4048 hic

202 4176 204 4182 ,
226 4085 400 4192 Romanis
413 4120 546 4212 potitus
564 4127 635 4205 est,
667 4129 819 4212 uterque
843 4117 1036 4189 immatura
1062 4113 1181 4184 adbuc
1202 4123 1315 4202 aetate,

182 4237 191 4246 ’
226 4249 328 4321 rudis
344 4261 378 4318 et
392 4251 592 4342 imperitus,
616 4217 875 4358 volpptatiplus
889 4273 997 4342 quam
1012 4250 1067 4322 rei
1083 4247 1238 4364 publicae
1245 4245 1316 4318 de-

226 4385 330 4455 ditus.
381 4383 438 4452 De
460 4383 644 4454 Alcibiade
658 4385 820 4454 Socrates
838 4385 934 4474 apud
946 4383 1149 4454 Platonem:
1180 4381 1313 4468 „Didi-

60 4571 64 4580 ·
185 4595 188 4606 ,
222 4520 324 4610 cisti,
348 4517 467 4614 quoad
489 4517 658 4605 memini,
683 4513 805 4586 literas
829 4519 1001 4610 pingere,
1027 4515 1175 4609 pulsare
1196 4514 1314 4614 eidra-
