2984 5204
269 349 340 443 598
484 299 490 314 Ι
651 364 739 414 sar.
756 365 811 433 v,
839 291 972 440 55-57.

265 627 361 700 linus
380 619 552 720 Polyhist.
575 619 633 692 52.
655 631 691 692 ct
709 618 865 694 Plinius:
899 624 1067 717 „Piperis
1090 627 1263 700 arborem
1280 629 1358 701 iarn

202 744 210 756 ’
267 759 413 856 quidem
424 753 561 831 ltaliam
575 741 730 846 hebere,
755 758 879 830 deesse
902 771 990 830 vero
1012 771 1140 831 tostam
1157 761 1256 833 illam
1272 786 1332 834 rna
1343 801 1358 818 ·

145 885 146 890 ἵ
209 979 218 1000 ⁸
266 895 450 966 toritatem
464 901 502 962 et
515 869 695 988 {rugorum
709 889 914 986 colorisque
929 895 1234 968 sinulitudinem.“
1249 897 1353 970 H-N.
1470 914 1474 930 “

270 1051 327 1118 12,
343 1053 387 1121 7.,
403 1025 448 1102 cf.
466 1025 694 1098 Matthiolum
707 1026 747 1096 in
760 1025 928 1102 Dioscor.
945 1049 979 1116 a,
1003 1029 1091 1100 155:
1119 1031 1176 1102 Ex
1192 1007 1356 1102 Alexan-

267 1163 366 1250 dria,
389 1183 516 1232 rerum
530 1160 735 1232 Indicarum
751 1161 934 1254 emporio,
959 1173 1179 1236 mercatores
1195 1133 1355 1236 Romani

267 1298 375 1390 piper
394 1291 465 1364 hoc
485 1315 659 1390 rugosum
686 1306 939 1398 maturumque
969 1307 1006 1367 et
1032 1299 1172 1392 reliqua
1195 1309 1357 1370 aromata
1474 1319 1475 1376 ς

126 1435 130 1444 ’
215 1483 221 1498 .
268 1427 455 1508 orientalia
466 1427 648 1520 petebant
696 1427 793 1500 Vide
816 1430 1028 1502 Meisterum
1042 1431 1189 1506 iiberA.
1208 1433 1356 1506 Persius

137 1591 138 1603 ¹
266 1563 438 1648 Flaccus,
460 1561 558 1654 Lips.
580 1532 739 1655 i81o.p
761 1565 820 1636 54.
845 1563 904 1636 De
922 1565 1105 1661 frequenti
1127 1568 1268 1668 piperis
1285 1593 1357 1638 usu

267 1697 363 1790 apud
376 1697 559 1772 Romanos
577 1693 735 1768 diximus
758 1698 802 1768 ad
825 1697 861 1768 5
850 1701 937 1793 7,5.
989 1701 1106 1796 „Rug.
1123 1703 1246 1798 piper,
1269 1702 1357 1796 pal-

265 1832 393 1904 lentis“
410 1855 491 1924 quae
505 1830 609 1902 lectio
620 1841 678 1902 est
690 1829 824 1901 codicis
835 1805 984 1906 Chemn.
1001 1835 1189 1907 librarium
1204 1837 1329 1929 quanti
1340 1872 1358 1889 ·

265 1979 375 2039 tatem
388 1964 524 2065 piperis
538 1965 770 2074 prosodicam
784 1967 970 2062 ignorasse
988 1971 1116 2064 arguit.
1167 1969 1358 2042 Patrensis

264 2101 404 2174 cumini
430 2097 670 2192 metonymice
684 2121 763 2191 ¹pro
788 2101 984 2194 „pallidum
1005 2105 1226 2178 reddentis.“
1267 2103 1353 2176 vid.

264 2235 411 2324 Prolog.
425 2255 459 2305 r.
476 2235 509 2302 4.
560 2233 614 2304 Ita
629 2255 834 2326 „exsangue
851 2236 1061 2310 cuminum“
1074 2239 1166 2311 dixit
1180 2201 1355 2310 Horatius

204 2443 205 2448 ,
264 2371 333 2461 Ep.
346 2387 447 2460 1,19,
460 2369 515 2438 18.
530 2391 614 2438 nam
629 2369 787 2439 colorem
805 2367 1007 2442 bibentium
1020 2381 1083 2442 aut
1090 2373 1359 2464 perunctorum

264 2513 378 2577 mutet
392 2503 429 2574 iu
446 2499 635 2594 pallorem
662 2503 826 2576 Dioscor.
845 2503 880 2592 5,
897 2503 957 2574 68.
983 2503 1075 2576 Plio.
1091 2503 1141 2573 H.
1156 2503 1199 2575 N.
1218 2524 1278 2592 ro,
1297 2509 1358 2576 14.

264 2639 1279 2769 cuminumneav.origrao1n,d1crtu10scondesl
1296 2641 1357 2752 cit.

264 2773 401 2866 „Nihil
409 2783 489 2844 eret
511 2771 605 2868 gulae
628 2773 880 2844 Romanorum
904 2773 1123 2865 exoptatius,
1153 2797 1264 2868 quem
1283 2797 1356 2868 quo

140 2960 141 2973 ,
263 2907 445 2978 fastidium
468 2906 628 3000 pellere,
653 2909 862 2978 autfamcm
877 2909 1054 3004 excitare,
1083 2909 1356 3002 ventriculoque

122 3099 125 3106 .
263 3044 377 3117 nimio
392 3043 558 3118 ciborum
577 3065 648 3112 usu
662 3040 795 3112 adtrito
809 3066 921 3116 novas
935 3043 1031 3116 vires
1047 3043 1182 3116 addere
1196 3053 1354 3137 possent.

264 3177 310 3248 cf.
326 3177 420 3249 Hor.
439 3197 474 3264 a,
490 3179 525 3265 8,
545 3199 564 3270 7
584 3177 664 3270 αφ’(
682 3175 839 3270 Koenig.

337 3373 396 3448 56.
420 3451 425 3460 .
449 3371 584 3443 Somno
609 3373 769 3470 irrigua,
802 3376 865 3472 qui
887 3350 1051 3474 ιἰιίςιιί.ι
1077 3379 1131 3450 Ita
1152 3376 1215 3448 irr.
1241 3375 1355 3449 active

264 3508 418 3582 sumnus
447 3505 550 3602 virg.
578 3507 713 3599 θροις.
748 3509 783 3596 4,
809 3511 867 3582 ιν.
887 3551 889 3559 s
910 3511 1043 3586 moun
1067 3481 1101 3600 a,
1128 3534 1159 3597 1,
1184 3509 1241 3578 ss.
1293 3509 1356 3581 us

179 3666 185 3683 ¹
264 3666 391 3716 sonmo
407 3641 551 3730 dicitur,
573 3652 614 3712 ut
630 3641 731 3733 Virg.
750 3643 831 3716 AEn.
853 3667 885 3734 1,
901 3647 983 3741 696.
1011 3649 1045 3737 5,
1060 3649 1142 3717 511.
1169 3643 1269 3738 quod
1289 3641 1356 3715 ille

264 3803 398 3873 corpus
414 3775 516 3870 quasi
529 3777 722 3863 humectat,
749 3778 861 3851 veluti
877 3781 1014 3873 plantas
1029 3803 1134 3886 aquo,
1145 3789 1188 3850 ct
1204 3777 1356 3874 saginat,

136 3949 144 3975 ν
264 3915 361 3984 unde
380 3925 596 4008 turgescere.
648 3907 736 3985 cod.
760 3937 852 4002 unus
869 3909 964 4009 opud
981 3913 1071 3986 Ach.
1090 3913 1357 4008 „torpescere.“

185 4123 188 4128 '
340 4110 398 4203 57.
452 4109 594 4199 ,,Ηί-
614 4100 820 4208 indulgent.
812 4117 853 4157 ·“
880 4117 960 4188 cod.
970 4113 1239 4188 Wima'riensis
1258 4109 1357 4204 apud

264 4241 487 4374 Webefflffls
518 4247 581 4317 sed
601 4245 828 4336 mule,cum
746 4249 1041 4345 crunsingnleris
1063 4260 1100 4320 et
1119 4245 1294 4343 praecedit
1319 4253 1360 4312 et

265 4375 443 4472 requitur.
510 4369 643 4476 Cornpi
669 4384 816 4455 nomine
844 4379 1003 4458 absolute
1034 4406 1111 4456 ιιοιι
1141 4387 1229 4456 rar‘o
1257 4375 1361 4456 veuit
