2938 5208
290 740 373 819 204.
396 737 511 846 sedet
527 699 756 821 Germanici,
781 759 863 806 cum
880 699 933 805 eae
949 713 1070 829 gentes
1082 701 1255 832 pleraque
1268 763 1350 813 con-

286 874 412 946 munia
425 871 628 943 habuerint
675 871 853 968 Ingentes
876 871 1036 946 Rhenos.
1075 868 1351 947 Scribiturlilu-

282 1035 359 1092 nus
380 1007 513 1102 ubique
534 1029 604 1100 per
623 1005 670 1106 h,
707 1005 803 1077 haud
827 1029 929 1076 secus
952 1029 994 1076 ac
1018 1007 1050 1075 si
1073 1007 1280 1082 vocabulum
1297 1013 1353 1082 hoc

287 1141 548 1216 Germanicum
555 1138 696 1213 Graecae
706 1139 858 1232 originis
872 1139 1134 1212 existimassent
1148 1155 1286 1216 veteres.
1306 1147 1354 1226 De

286 1305 331 1350 eo
345 1271 393 1348 K.
409 1277 451 1347 L
468 1254 685 1380 schneider,
706 1265 1017 1352 Elementarlehre
1032 1300 1067 1369 p.
1087 1281 1168 1349 215.
1207 1279 1356 1374 Plerique

286 1399 368 1508 post
383 1403 633 1483 casaubonum
650 1403 853 1502 intelligunt
867 1403 1076 1502 Rhenanus,
1095 1413 1216 1484 Rheni
1230 1417 1357 1486 accolas.

285 1533 369 1622 Hoc
392 1571 502 1618 sensu
526 1539 697 1616 transfert
716 1542 937 1623 Passouius:
977 1547 1114 1620 Riesen
1136 1573 1210 1624 von
1232 1549 1360 1620 Rhein-

205 1767 217 1782 ..
284 1695 409 1756 strom.
459 1675 547 1752 Hue'
568 1652 657 1774 ergo
676 1677 890 1750 referendus
905 1681 1112 1753 essetlocus
1127 1684 1281 1756 Suetonii
1294 1681 1361 1754 ca-

283 1789 347 1911 lig.
372 1819 433 1910 47.
459 1815 690 1902 „Conversus
712 1781 797 1883 hiric
819 1815 865 1884 ad
884 1839 1009 1887 curam
1025 1817 1219 1912 triumphi,
1241 1829 1364 1910 praeter

285 1954 446 2048 captivos
462 1959 497 2021 et
509 1947 710 2043 transfugas
721 1947 906 2036 barbaros,
922 1950 1366 2048 Galliarumquoquepro-

286 2087 511 2159 cerissimum
531 2106 730 2177 quemque,
756 2093 792 2154 et
813 2089 854 2153 ut
875 2083 954 2176 ipse
978 2087 1139 2176 dicebat,
1170 2097 1371 2169 ἀξιοθριαρ-
1446 2145 1447 2161 r

242 2293 245 2306 ‚
284 2241 426 2308 sessor,
446 2241 487 2288 ac
499 2215 691 2288 nonnullos
701 2215 988 2310 exprincipibus
1000 2219 1089 2318 legit
1103 2247 1145 2293 ac
1160 2226 1315 2316 seposuit
1328 2225 1376 2296 ad

189 2411 192 2416 ,
210 2401 212 2414 ,
282 2345 472 2450 pompam,
504 2353 694 2456 coegitque
709 2375 783 2420 non
800 2363 937 2424 tantum
953 2357 1103 2450 rutilare
1117 2369 1153 2427 et
1166 2359 1378 2429 submittere

281 2480 442 2574 comum,
467 2481 530 2554 sed
553 2496 589 2554 et
603 2507 816 2560 wsermonem
838 2487 1093 2560 Germanicum
1110 2491 1314 2580 adchscere,
1346 2504 1386 2566 et

211 2715 215 2724 .
279 2623 432 2744 pornina
454 2605 644 2689 barbarica
667 2618 802 2695 serrc.“
845 2621 986 2695 Verum
1015 2624 1054 2693 in
1074 2635 1168 2695 tanta
1189 2629 1388 2697 sententiae

205 2773 207 2780 “
281 2756 539 2856 perspicuitate
562 2777 636 2825 non
658 2778 750 2848 opus
776 2767 848 2846 cst,
873 2767 913 2827 ut
932 2757 1181 2858 confugiamus
1196 2761 1242 2830 ad
1256 2773 1388 2832 meto-

155 2971 170 2991 „
281 2892 460 2990 nymiam,
485 2891 690 2982 praesertim
712 2891 803 2962 adeo
826 2892 975 2980 duram,
999 2875 1041 2964 ut
1065 2893 1204 2988 aliquos
1212 2869 1393 2990 ¹coegerit

282 3027 330 3098 de·
344 3026 510 3097 codicum
526 3021 599 3096 fide
621 3021 715 3096 male
731 3025 926 3120 suspicari,
950 3051 1148 3122 vocemque
1164 3029 1324 3100 Rhenes
1352 3033 1397 3104 in

281 3129 474 3251 „llhedas“
487 3167 708 3231 convertere.
760 3158 809 3231 Et
832 3185 920 3232 uero
941 3161 1077 3255 (verbis
1091 3161 1291 3234 Facciolati
1307 3167 1399 3237 Pa-

261 3263 390 3366 tavini
405 3291 474 3364 hac
486 3295 531 3364 de
545 3319 589 3368 re
605 3299 704 3381 utar)
718 3295 749 3366 si
764 3295 914 3366 Rhenus
932 3319 1005 3408 pro
1027 3295 1150 3368 Rheni
1167 3297 1292 3369 incola
1315 3303 1403 3371 dici

144 3471 148 3478 -
279 3413 411 3522 possit,
436 3429 509 3498 iam
529 3419 799 3523 reliquum'est,
820 3440 861 3501 ut
877 3429 912 3501 et
927 3429 1115 3505 Patavium
1132 3453 1202 3525 pro
1228 3431 1408 3507 homine

237 3552 240 3564 ¹
280 3561 471 3652 Patauino,
498 3574 534 3634 et
548 3561 661 3636 Adria
674 3587 744 3658 pro
759 3567 859 3660 pisce
875 3562 1078 3654 Adriatico,
1104 3575 1141 3637 et
1159 3565 1229 3637 alia
1242 3566 1408 3640 huius-

279 3696 380 3770 modi
400 3695 509 3768 nimis
532 3697 687 3792 ridicula
707 3698 883 3772 dicantur.
942 3697 1065 3794 Rheni
1088 3723 1203 3794 porro
1226 3669 1413 3792 incolas,

265 3835 345 3926 .qu'i
360 3841 541 3926 tamquam
550 3826 682 3928 captiui
696 3833 777 3904 ante
792 3803 943 3906 currum
958 3837 1189 3924 ducerentur,
1205 3847 1292 3906 non
1302 3838 1416 3908 Cae—

280 3967 384 4037 sarria
389 4019 402 4055 ,
426 3989 508 4062 quae
529 3969 570 4039 in
591 3968 682 4040 urbe
702 3981 799 4058 erat,
821 3971 885 4041 sed
901 3967 1065 4062 Caligula
1079 3991 1309 4060 comparare
1325 3972 1420 4042 de-

281 4097 406 4200 bebat,
432 4109 469 4172 et
492 4125 623 4178 reuera
647 4102 868 4198 comparavit
890 4115 926 4177 et
949 4103 996 4176 ad
1015 4123 1186 4200 pompam
1202 4107 1423 4197 seposuit,

160 4259 165 4270 ¹
281 4227 326 4304 cf.
353 4232 450 4302 Suet.
474 4237 533 4307 cit.
590 4237 638 4311 At
657 4217 840 4333 novimus,
880 4240 1100 4336 oppidorum
1125 4249 1162 4309 et
1181 4239 1426 4329 fluminum

281 4365 466 4462 imagines,
492 4371 604 4446 immo
620 4399 747 4470 rerum
763 4379 799 4447 et
811 4378 978 4448 locorum
994 4373 1182 4461 omnium,
1198 4395 1300 4468 quae
1321 4371 1430 4443 ullo

281 4502 390 4572 modo
414 4499 459 4571 ed
479 4486 673 4579 victoriam
691 4495 938 4601 pertinerent,
962 4511 1009 4607 ¹in
1031 4507 1267 4600 triumphurn
1298 4507 1435 4580 ferri
