2984 5204
542 445 548 455 ι
636 377 725 426 sar.
743 377 805 441 fv,
830 357 887 426 51.

219 497 1311 534 fflffl-ffffl—v·

154 652 157 664 '
218 661 360 713 merum
384 621 628 737 recentiorum
654 629 762 708 huius
783 631 995 732 gestaminis
1007 629 1314 724 interpretamen-
1377 687 1385 696 ,

214 754 295 846 ¹tum
317 773 451 856 luisse,
485 771 634 860 insuper
657 765 809 836 ostendit
831 788 958 836 versus
978 765 1116 856 Persii,
1149 765 1188 838 in
1210 765 1314 836 cuius

221 917 366 1000 recepta
388 906 544 976 lectione
569 899 789 974 membranae
814 912 851 970 et
875 901 1051 984 editiones
1075 921 1199 974 omnes
1220 923 1323 972 oon-·

221 1043 390 1116 sentiunt.

241 1267 244 1279 ·
297 1233 354 1313 δι.Ι
406 1208 546 1324 Pueris,
569 1237 646 1306 sive
661 1246 742 1306 ante
758 1233 1008 1306 lustrationem
1024 1237 1099 1309 sive
1113 1243 1206 1330 post,
1222 1237 1313 1305 ‹lor-

221 1365 433 1461 mientibus,
468 1371 552 1466 quia
584 1392 683 1462 sagas
704 1370 915 1467 'strigesquc
939 1371 1102 1464 insidiari
1124 1371 1314 1458 creditum,

88 1588 91 1598 ¹
211 1509 358 1598 ‚fascina
382 1529 509 1577 eorum
533 1505 590 1576 vel
614 1503 718 1589 allio,
743 1503 802 1576 vel
824 1503 962 1598 alysso,
987 1503 1046 1576 vel
1060 1489 1185 1600 Priapi
1205 1507 1315 1574 icun-

224 1643 307 1716 cula
333 1665 509 1736 appensa,
534 1648 636 1710 vetus
662 1637 911 1710 Romanorum
939 1629 1145 1731 superstitio
1170 1629 1316 1731 abigere

224 1778 429 1850 conabatur.
488 1773 557 1844 Cui
582 1773 720 1842 fascino
743 1771 900 1858 infantili
920 1785 1165 1845 successerunt
1181 1769 1314 1858 bullae,

224 1913 414 2000 ditioribus
429 1932 563 2005 xstupeas,
589 1905 667 1977 aliis
683 1891 876 1994 coriaceae,
902 1911 1042 2002 pectori
1062 1909 1184 1978 affixae.
1223 1905 1317 1974 Erat

224 2047 303 2118 baec
318 2047 414 2116 bulla
433 2043 528 2114 inter
545 2041 699 2136 insignia
713 2041 910 2111 nobilitatis
925 2041 1088 2136 puerilis,
1109 2053 1150 2114 ut
1164 2053 1199 2111 et
1212 2063 1316 2132 prae*

225 2165 340 2268 tenta,
373 2181 517 2248 inaures
538 2175 690 2268 aliaque.
741 2175 856 2245 Simul
881 2201 963 2246 cnm
986 2189 1161 2269 praetexta
1182 2174 1316 2246 bullam

225 2301 421 2382 insentibus
436 2333 642 2400 suspensam
660 2332 738 2380 esse
753 2309 792 2376 in
810 2309 922 2397 collo,
948 2311 998 2380 ita
1022 2321 1060 2380 ut
1077 2285 1318 2382 commuiriret

225 2457 351 2539 pectus
367 2443 521 2536 puerile,
547 2453 673 2513 auctor
688 2453 742 2514 est
756 2440 931 2516 A'sconius
946 2444 984 2511 in
1001 2437 1076 2513 Cic.
1096 2445 1161 2514 Or.
1174 2445 1196 2512 5
1208 2443 1242 2512 V
1242 2465 1316 2512 err.

226 2579 424 2672 „Nonnulli
452 2578 623 2665 credunt,
657 2561 818 2672 ingenuis
854 2577 978 2670 pueris
1012 2577 1241 2664 attributum,
1275 2583 1320 2643 ut

227 2717 347 2786 cordis
364 2715 517 2806 figuram
536 2715 573 2783 in
590 2711 689 2782 bulla
705 2723 786 2783 ante
802 2721 927 2806 pectus
942 2721 1183 2798 annecterent,
1209 2733 1319 2801 quam

226 2823 458 2946 inspicientes
473 2849 523 2954 ita
538 2849 684 2920 demum
696 2871 736 2919 se
752 2849 917 2920 homines
933 2847 1140 2941 cogitarent,
1161 2845 1195 2914 'si
1209 2844 1319 2918 corde
1356 2923 1360 2932 Ι

226 3025 520 3043 -ι-ι-ιι--ιῃ-

309 3141 434 3218 „Maros
448 3150 518 3222 post
534 3159 694 3202 excessum
707 3143 743 3201 14
759 3159 911 3202 annorum
927 3127 1060 3221 puberes
1073 3136 1321 3200 existinrentur.“

309 3243 386 3304 vid.
409 3238 501 3306 L'G.
522 3243 728 3306 Heiucccium
758 3245 790 3304 in
814 3245 945 3325 Antiqu.
969 3245 1058 3305 Rom.
1084 3242 1256 3323 Iurisprud.
1280 3239 1321 3302 ad

308 3345 409 3407 Instit.
421 3347 443 3404 l.
465 3367 489 3406 ι.
504 3347 551 3406 tit.
569 3367 618 3422 αα,
635 3370 667 3414 2..
680 3371 709 3411 a.
727 3351 756 3410 b.
780 3349 834 3429 qui
855 3361 960 3410 tamen
986 3371 1050 3410 non
1073 3349 1214 3424 dubitat,
1242 3347 1319 3426 quin
1397 3333 1402 3343 ¹

308 3448 387 3510 olim
402 3447 630 3527 antiquissimis
645 3440 827 3532 reipublicae
848 3452 1045 3532 temporibus
1067 3453 1176 3534 quinto
1197 3452 1320 3514 decimo

269 3566 271 3573 '
313 3553 437 3632 demum
457 3553 554 3615 aetatis
572 3577 653 3616 anno
671 3567 779 3618 exacto
795 3553 927 3640 puberes
945 3556 1043 3619 babiti
1065 3559 1126 3618 sint
1138 3557 1321 3618 adolescen-

272 3665 275 3669 '
310 3667 367 3718 tes.
409 3657 500 3718 Tunc
518 3657 602 3718 enim
623 3679 676 3719 eos
690 3671 793 3740 togam
809 3660 936 3722 viritem
951 3663 1131 3744 sumpsisse,
1158 3681 1220 3720 non
1237 3679 1322 3721 anno

314 3783 370 3842 17,
388 3772 431 3822 ut-
447 3761 541 3842 vulgo
564 3761 760 3853 existimant,
791 3785 849 3825 neo
866 3787 948 3826 anno
970 3771 1016 3842 tls,
1040 3779 1076 3829 ut
1090 3767 1194 3827 visum
1208 3765 1322 3848 Lipsio

312 3867 354 3927 sd
375 3865 537 3944 Tacitum,
569 3867 660 3930 docet
685 3853 782 3930 Naris
808 3869 979 3950 Cenotspb.
1003 3873 1110 3935 Pisan.
1136 3873 1219 3934 Dies.
1243 3891 1272 3946 2,
1293 3875 1324 3931 b.

312 3971 407 4046 Quod
423 3991 498 4030 vero
517 3970 652 4052 scriptor
667 3973 748 4038 vite
765 3973 866 4057 Persii
886 3975 1031 4055 antiquus
1047 3977 1158 4052 refert,
1181 3997 1251 4038 curn
1265 3997 1324 4035 an-

218 4065 220 4070 ’
309 4092 424 4134 norum
446 4075 493 4136 16.
515 4074 650 4139 Cornuti
671 4077 809 4142 amicitia
831 4079 878 4138 uti
903 4079 1062 4160 coepisse,
1096 4083 1174 4154 boc,
1205 4081 1323 4140 sicum

309 4185 418 4236 nostro
436 4177 506 4238 loco
524 4181 722 4258 conseratur,
744 4181 879 4242 ostendit
897 4205 978 4260 erim,
999 4183 1084 4248 haud
1100 4205 1188 4254 scens
1204 4205 1239 4244 nc
1255 4185 1326 4243 Au·-

310 4287 454 4354 gustum‚
476 4282 641 4348 Ciceronis
658 4287 734 4351 item
751 4286 851 4348 lilium
872 4279 1026 4372 aliosque,
1048 4277 1222 4352 maturiore
1237 4297 1326 4350 aetate

309 4399 349 4442 ex
367 4380 497 4464 ephebis
516 4375 695 4451 excessisse.
