2938 5208
496 477 597 570 sar..
611 479 690 547 vn,
714 467 749 552 7:
761 463 794 530 8.
1084 520 1088 528 .
1110 469 1182 562 t99

857 607 1184 634 m

97 737 295 832 explicans:
321 729 554 826 „rsaernau
578 737 698 824 saevit,
720 737 779 820 rel
794 761 815 806 a
828 739 977 832 navigiis
993 753 1105 831 vocat,
1129 745 1184 814 si-

98 881 159 944 cut
189 894 297 944 naves
327 869 521 942 hibernare
552 871 726 960 dicimus,
774 895 855 942 curn
880 896 954 944 non
981 875 1184 969 navigant.“
1263 967 1268 974 ,

97 1007 207 1078 Prior
230 1029 356 1076 seusus
378 1007 503 1100 utique
523 1003 771 1098 preferendus
794 1007 841 1078 ob
851 1011 1064 1099 ‘praecedens
1081 1013 1184 1081 inle-

91 1153 182 1238 pet3
214 1163 298 1212 nam
324 1165 425 1212 mare
453 1139 569 1214 ventis
593 1139 762 1234 agitatum
783 1151 988 1236 tepescere,
1027 1149 1196 1250 eumque¹
1243 1135 1246 1144 ⁴

97 1287 259 1370 teporem
276 1300 349 1360 ιιοιι
366 1285 556 1346 externum
572 1285 608 1344 et
622 1269 856 1350 adventitium
870 1301 967 1368 esse,
989 1279 1052 1352 sed
1064 1303 1109 1350 ex
1122 1279 1186 1348 ιιι-η

97 1411 193 1482 timis
207 1413 318 1482 maris
332 1409 494 1510 partibus
508 1409 699 1504 agitatione
717 1411 929 1502 excitatum,
954 1412 1027 1482 iam
1047 1409 1186 1484 veteri-

96 1543 165 1616 bus
185 1555 312 1618 notum
335 1555 431 1632 erat,
455 1544 526 1618 vid.
551 1543 625 1614 Cic.
648 1543 694 1614 de
714 1540 795 1616 Nat.
816 1545 930 1620 Deor.
955 1546 1013 1617 cit.
1045 1545 1185 1620 Graecis
1301 1619 1307 1636 ι

98 1679 185 1752 item
206 1711 374 1763 μιμαωυ
389 1689 425 1750 ot
439 1675 642 1750 hibernatio
657 1687 728 1766 est,
761 1689 797 1750 et
809 1703 911 1752 mare
927 1681 1109 1753 turbatum
1123 1679 1194 1760 hi-.

98 1813 221 1912 bernis
239 1813 421 1910 procellis.
488 1813 599 1906 Quod
628 1835 762 1900 „suum
779 1817 906 1887 mare“
927 1815 1021 1888 dicat
1041 1814 1187 1902 Noster,

97 1948 287 2022 iudanon
317 1949 499 2046 sequitur,
540 1969 626 2019 eum
649 1945 760 2018 tuisse
787 1947 1012 2038 Lunensem,
1046 1971 1129 2020 cum
1151 1957 1187 2016 et
1282 2017 1289 2024 ,

96 2082 254 2176 scriptor
277 2085 361 2158 vitea
384 2084 540 2178 antiquas
561 2081 698 2172 Persii,
730 2091 766 2154 et
785 2081 984 2174 Eusebius,
1016 2079 1185 2156 elnone.

97 2213 246 2310 Olymp.
278 2219 363 2307 205,
399 2241 431 2287 a.
465 2237 549 2304 aro,
577 2219 609 2286 5.
639 2238 724 2286 eum
748 2213 1185 2290 volaterranumsocant.

95 2347 345 2424 Vid.Passow.
362 2373 398 2444 p.
417 2353 476 2438 87.
503 2345 588 2436 Qua
602 2349 704 2420 latus
718 2343 787 2418 &a
801 2349 888 2438 „ubi
901 2324 1042 2446 scopuli
1059 2347 1189 2442 ingens

96 2483 218 2572 latus,
241 2485 315 2557 rim
331 2485 506 2558 fluctuum
519 2477 712 2574 frangens,
737 2477 914 2569 efficiunt,
940 2491 977 2552 et
996 2481 1081 2552 litus
1105 2505 1187 2552 am·

94 2615 194 2708 plam
208 2617 246 2686 in
262 2641 299 2688 se
314 2620 498 2711 planitiem
515 2615 681 2706 recipit.“
706 2613 891 2686 Describit
905 2585 1055 2707 portum
1075 2613 1187 2700 turre,

97 2747 232 2840 dequo
245 2749 386 2820 Ennius
403 2771 435 2822 r.
453 2769 553 2840 sequ.
569 2755 604 2816 et
618 2743 726 2813 Silius
740 2741 816 2815 Ital.
834 2745 869 2832 8,
884 2745 966 2816 481.
1008 2743 1160 2843 ‚‚Luna.
1177 2794 1187 2814 .

95 2879 251 2974 Insignis
273 2891 402 2974 portu,
416 2928 420 2939 ·
434 2901 507 2974 quo
530 2897 607 2948 non
627 2873 821 2968 spatiosior
841 2874 951 2965 alter,
975 2877 1188 2950 Innumcras

98 3014 237 3108 cepisse
253 3025 348 3084 ratos
360 3021 399 3084 ct
413 3010 582 3084 claudere
589 3011 773 3106 portum.“
797 3011 1011 3103 „Etruscam
1021 3011 1187 3084 Lunam“

97 3146 276 3224 Martialis
303 3150 358 3236 ιδ,
378 3147 438 3236 50,
466 3172 496 3219 ι.
529 3155 635 3221 vocat
661 3143 836 3240 oppidum
862 3145 932 3220 boc
955 3145 1188 3244 maritimum,

98 3286 209 3358 situm
228 3283 268 3354 in
282 3281 442 3354 Euuriae
458 3291 494 3354 et
509 3256 670 3375 Ligtnia‘s
687 3278 862 3368 confinio,
886 3279 1061 3378 inclytum
1083 3305 1188 3352 mar-

98 3443 215 3509 more,
238 3417 330 3492 Plin.
346 3415 395 3489 H.
404 3415 450 3488 N.
467 3413 526 3505 36,
541 3413 575 3486 6.
600 3415 746 3487 Sueten.
760 3413 846 3488 Ner.
866 3417 923 3486 50.
940 3433 1056 3506 caseo,
1080 3415 1188 3490 ltlar-

97 3536 172 3626 tiit.
184 3555 212 3626 1.
230 3579 259 3626 c.
277 3553 341 3626 sed
355 3551 511 3624 maxime
523 3561 658 3646 portu,
683 3551 746 3646 qni
767 3549 867 3623 lunoe
888 3551 1071 3624 rescrebat
1090 3528 1189 3623 ima-

99 3690 230 3784 ginem.
282 3689 437 3777 „Portus
464 3695 518 3758 est
538 3683 719 3778 Liguriae,
749 3683 845 3757 inter
864 3697 1012 3780 portum
1032 3681 1189 3756 Veneris

99 3831 138 3892 et
151 3831 297 3914 portum
304 3821 435 3914 Erycis
451 3821 580 3908 (Porto
589 3817 736 3903 Lerice)
751 3817 887 3892 ambitu
903 3839 949 3889 ao
966 3815 1080 3890 millia
1094 3839 1188 3910 pass.

98 3963 245 4049 patens,
288 3953 397 4024 hodie
428 3943 537 4026 Gollo
567 3951 662 4024 della
683 3953 870 4047 Spezaia.“
900 3953 1046 4027 Ferrar.
1062 3951 1186 4024 Lexic.

99 4111 225 4182 geogr.
250 4087 365 4174 codd.
381 4087 472 4160 litus
484 4085 684 4176 et„littns,“
698 4087 906 4190 haudsecns
922 4111 963 4160 ac
977 4081 1189 4181 inscriptio-

98 4243 166 4293 nes
187 4223 293 4294 Grut.
316 4243 353 4318 p.
376 4223 460 4292 sta.
485 4243 520 4292 ιι.
547 4221 581 4296 5.
599 4231 635 4294 et
655 4245 691 4318 p.
713 4223 922 4313 1071.11.8.
950 4243 1103 4316 quarum
1126 4219 1189 4293 illa

99 4355 191 4428 litus
197 4408 211 4446 ,
231 4357 309 4430 haec
329 4353 534 4450 „littorali.“
574 4357 667 4430 Cum
687 4357 727 4427 in
743 4367 897 4454 utraque
913 4353 1093 4450 scriptura
1107 4355 1188 4448 syl-

98 4489 218 4565 labam
237 4492 400 4588 primam·
417 4501 535 4586 poetae
555 4493 777 4585 producant,
817 4490 1019 4654 'amplifi-⁰²
1041 4489 1187 4564 ridetur
