<?xml version="1.0" encoding="UTF-8"?>
<!DOCTYPE html PUBLIC "-//W3C//DTD XHTML 1.0 Transitional//EN"
    "http://www.w3.org/TR/xhtml1/DTD/xhtml1-transitional.dtd">
<html xmlns="http://www.w3.org/1999/xhtml" xml:lang="en" lang="en">
 <head>
  <title>
</title>
<meta http-equiv="Content-Type" content="text/html;charset=utf-8" />
  <meta name='ocr-system' content='tesseract 3.04.00' />
  <meta name='ocr-capabilities' content='ocr_page ocr_carea ocr_par ocr_line ocrx_word'/>
</head>
<body>
  <div class='ocr_page' id='page_1' title='image "./satir00persgoog_0237.png"; bbox 0 0 3052 5202; ppageno 0'>
   <div class='ocr_carea' id='block_1_1' title="bbox 7 733 16 773">
    <p class='ocr_par' dir='ltr' id='par_1_1' title="bbox 7 733 16 773">
     <span class='ocr_line' id='line_1_1' title="bbox 7 733 16 773; baseline 0 0"><span class='ocrx_word' id='word_1_1' title='bbox 7 733 16 773; x_wconf 79' lang='lat' dir='ltr'><strong>t</strong></span> 
     </span>
    </p>
   </div>
   <div class='ocr_carea' id='block_1_2' title="bbox 605 399 1374 548">
    <p class='ocr_par' dir='ltr' id='par_1_2' title="bbox 605 399 1374 548">
     <span class='ocr_line' id='line_1_2' title="bbox 605 399 1374 548; baseline 0.009 -30"><span class='ocrx_word' id='word_1_2' title='bbox 605 469 693 520; x_wconf 74' lang='lat' dir='ltr'><strong>sar.</strong></span> <span class='ocrx_word' id='word_1_3' title='bbox 718 469 779 534; x_wconf 80' lang='grc' dir='ltr'><strong>ιι,</strong></span> <span class='ocrx_word' id='word_1_4' title='bbox 802 399 860 522; x_wconf 87' lang='grc'><strong>55.</strong></span> <span class='ocrx_word' id='word_1_5' title='bbox 1180 413 1269 548; x_wconf 39' lang='grc' dir='ltr'><strong>ὃιιφ</strong></span> <span class='ocrx_word' id='word_1_6' title='bbox 1369 445 1374 464; x_wconf 80' lang='grc'><em>“</em></span> 
     </span>
    </p>
   </div>
   <div class='ocr_carea' id='block_1_3' title="bbox 187 723 1291 1894">
    <p class='ocr_par' dir='ltr' id='par_1_3' title="bbox 187 723 1291 1894">
     <span class='ocr_line' id='line_1_3' title="bbox 187 723 1272 818; baseline -0.004 -18"><span class='ocrx_word' id='word_1_7' title='bbox 187 727 475 818; x_wconf 86' lang='lat' dir='ltr'><strong>„Laudationem</strong></span> <span class='ocrx_word' id='word_1_8' title='bbox 498 745 587 798; x_wconf 79' lang='lat' dir='ltr'><strong>vero</strong></span> <span class='ocrx_word' id='word_1_9' title='bbox 604 725 670 812; x_wconf 90' lang='lat' dir='ltr'><strong>(ita</strong></span> <span class='ocrx_word' id='word_1_10' title='bbox 684 725 841 818; x_wconf 82' lang='lat' dir='ltr'><strong>scriptor</strong></span> <span class='ocrx_word' id='word_1_11' title='bbox 856 724 995 818; x_wconf 86' lang='lat' dir='ltr'><strong>pergit)</strong></span> <span class='ocrx_word' id='word_1_12' title='bbox 1010 723 1145 796; x_wconf 87' lang='lat' dir='ltr'><strong>nullam</strong></span> <span class='ocrx_word' id='word_1_13' title='bbox 1165 727 1272 808; x_wconf 77' lang='lat' dir='ltr'><strong>aliam</strong></span> 
     </span>
     <span class='ocr_line' id='line_1_4' title="bbox 189 857 1275 954; baseline -0.003 -18"><span class='ocrx_word' id='word_1_14' title='bbox 189 867 291 936; x_wconf 91' lang='lat' dir='ltr'><strong>Deus</strong></span> <span class='ocrx_word' id='word_1_15' title='bbox 318 862 408 938; x_wconf 84' lang='lat' dir='ltr'><strong>mihi</strong></span> <span class='ocrx_word' id='word_1_16' title='bbox 440 859 572 936; x_wconf 75' lang='lat' dir='ltr'>dixisse</span> <span class='ocrx_word' id='word_1_17' title='bbox 602 860 764 948; x_wconf 77' lang='lat' dir='ltr'><strong>videtur,</strong></span> <span class='ocrx_word' id='word_1_18' title='bbox 809 879 920 952; x_wconf 85' lang='lat' dir='ltr'><strong>qnam</strong></span> <span class='ocrx_word' id='word_1_19' title='bbox 951 857 1099 938; x_wconf 83' lang='lat' dir='ltr'><strong>illorum</strong></span> <span class='ocrx_word' id='word_1_20' title='bbox 1127 881 1275 954; x_wconf 78' lang='lat' dir='ltr'><strong>preces3</strong></span> 
     </span>
     <span class='ocr_line' id='line_1_5' title="bbox 190 963 1275 1088; baseline 0 -20"><span class='ocrx_word' id='word_1_21' title='bbox 190 999 325 1074; x_wconf 84' lang='lat' dir='ltr'><strong>etenim</strong></span> <span class='ocrx_word' id='word_1_22' title='bbox 352 1019 484 1070; x_wconf 83' lang='lat' dir='ltr'><strong>revera</strong></span> <span class='ocrx_word' id='word_1_23' title='bbox 513 963 733 1088; x_wconf 83' lang='lat' dir='ltr'><strong>permultum</strong></span> <span class='ocrx_word' id='word_1_24' title='bbox 771 991 845 1062; x_wconf 85' lang='lat' dir='ltr'><strong>illae</strong></span> <span class='ocrx_word' id='word_1_25' title='bbox 875 987 897 1066; x_wconf 83' lang='lat' dir='ltr'><strong>a</strong></span> <span class='ocrx_word' id='word_1_26' title='bbox 925 993 1054 1066; x_wconf 83' lang='lat' dir='ltr'><strong>ceteris</strong></span> <span class='ocrx_word' id='word_1_27' title='bbox 1087 967 1275 1074; x_wconf 75' lang='lat' dir='ltr'><strong>diffamant.</strong></span> 
     </span>
     <span class='ocr_line' id='line_1_6' title="bbox 189 1127 1273 1226; baseline 0.004 -24"><span class='ocrx_word' id='word_1_28' title='bbox 189 1131 333 1226; x_wconf 85' lang='lat' dir='ltr'>Reliqui</span> <span class='ocrx_word' id='word_1_29' title='bbox 352 1153 508 1224; x_wconf 87' lang='lat' dir='ltr'><strong>namque</strong></span> <span class='ocrx_word' id='word_1_30' title='bbox 528 1129 652 1201; x_wconf 89' lang='lat' dir='ltr'><strong>Graeci</strong></span> <span class='ocrx_word' id='word_1_31' title='bbox 673 1127 805 1218; x_wconf 80' lang='lat' dir='ltr'><strong>partim</strong></span> <span class='ocrx_word' id='word_1_32' title='bbox 831 1130 964 1200; x_wconf 87' lang='lat' dir='ltr'><strong>auratis</strong></span> <span class='ocrx_word' id='word_1_33' title='bbox 978 1130 1147 1202; x_wconf 91' lang='lat' dir='ltr'><strong>cornibus</strong></span> <span class='ocrx_word' id='word_1_34' title='bbox 1160 1129 1273 1206; x_wconf 80' lang='lat' dir='ltr'><strong>boves</strong></span> 
     </span>
     <span class='ocr_line' id='line_1_7' title="bbox 189 1260 1273 1356; baseline 0.007 -26"><span class='ocrx_word' id='word_1_35' title='bbox 189 1265 438 1352; x_wconf 76' lang='lat' dir='ltr'><strong>sacrificantes,</strong></span> <span class='ocrx_word' id='word_1_36' title='bbox 462 1260 764 1356; x_wconf 79' lang='lat' dir='ltr'><strong>partimdonariis</strong></span> <span class='ocrx_word' id='word_1_37' title='bbox 780 1263 933 1355; x_wconf 73' lang='lat' dir='ltr'><strong>egregiis</strong></span> <span class='ocrx_word' id='word_1_38' title='bbox 945 1264 1080 1356; x_wconf 85' lang='lat' dir='ltr'><strong>templa</strong></span> <span class='ocrx_word' id='word_1_39' title='bbox 1093 1275 1273 1355; x_wconf 85' lang='lat' dir='ltr'><strong>ornantes,</strong></span> 
     </span>
     <span class='ocr_line' id='line_1_8' title="bbox 190 1395 1275 1494; baseline 0 -26"><span class='ocrx_word' id='word_1_40' title='bbox 190 1421 428 1494; x_wconf 84' lang='lat' dir='ltr'><strong>quaecumque</strong></span> <span class='ocrx_word' id='word_1_41' title='bbox 449 1403 666 1482; x_wconf 82' lang='lat' dir='ltr'><strong>occurrunt,</strong></span> <span class='ocrx_word' id='word_1_42' title='bbox 698 1417 764 1464; x_wconf 87' lang='lat' dir='ltr'><strong>seu</strong></span> <span class='ocrx_word' id='word_1_43' title='bbox 787 1395 898 1480; x_wconf 86' lang='lat' dir='ltr'><strong>bona,</strong></span> <span class='ocrx_word' id='word_1_44' title='bbox 932 1416 997 1468; x_wconf 84' lang='lat' dir='ltr'><strong>seu</strong></span> <span class='ocrx_word' id='word_1_45' title='bbox 1018 1395 1132 1486; x_wconf 82' lang='lat' dir='ltr'><strong>mala,</strong></span> <span class='ocrx_word' id='word_1_46' title='bbox 1157 1423 1179 1466; x_wconf 93' lang='lat' dir='ltr'><strong>a</strong></span> <span class='ocrx_word' id='word_1_47' title='bbox 1192 1399 1275 1480; x_wconf 88' lang='lat' dir='ltr'><strong>Diis</strong></span> 
     </span>
     <span class='ocr_line' id='line_1_9' title="bbox 189 1511 1291 1636; baseline -0.005 -32"><span class='ocrx_word' id='word_1_48' title='bbox 189 1514 328 1625; x_wconf 81' lang='lat' dir='ltr'><strong>petunt.</strong></span> <span class='ocrx_word' id='word_1_49' title='bbox 383 1525 449 1603; x_wconf 87' lang='lat' dir='ltr'><strong>Dii</strong></span> <span class='ocrx_word' id='word_1_50' title='bbox 480 1553 585 1616; x_wconf 81' lang='lat' dir='ltr'><strong>vero,</strong></span> <span class='ocrx_word' id='word_1_51' title='bbox 618 1511 814 1606; x_wconf 82' lang='lat' dir='ltr'><strong>camillos</strong></span> <span class='ocrx_word' id='word_1_52' title='bbox 841 1529 1085 1636; x_wconf 83' lang='lat' dir='ltr'><strong>imprecante-s</strong></span> <span class='ocrx_word' id='word_1_53' title='bbox 1113 1517 1291 1618; x_wconf 85' lang='lat' dir='ltr'><strong>audiunt,&#39;</strong></span> 
     </span>
     <span class='ocr_line' id='line_1_10' title="bbox 191 1655 1275 1758; baseline -0.003 -22"><span class='ocrx_word' id='word_1_54' title='bbox 191 1665 381 1740; x_wconf 84' lang='lat' dir='ltr'><strong>ditissimas</strong></span> <span class='ocrx_word' id='word_1_55' title='bbox 404 1687 533 1743; x_wconf 82' lang='lat' dir='ltr'><strong>comm</strong></span> <span class='ocrx_word' id='word_1_56' title='bbox 551 1655 703 1758; x_wconf 64' lang='lat' dir='ltr'><strong>pompas</strong></span> <span class='ocrx_word' id='word_1_57' title='bbox 725 1663 950 1740; x_wconf 86' lang='lat' dir='ltr'><strong>etaacrilicia</strong></span> <span class='ocrx_word' id='word_1_58' title='bbox 964 1687 1039 1743; x_wconf 86' lang='lat' dir='ltr'><strong>uon</strong></span> <span class='ocrx_word' id='word_1_59' title='bbox 1052 1661 1275 1756; x_wconf 76' lang='lat' dir='ltr'><strong>acceptmrt.“</strong></span> 
     </span>
     <span class='ocr_line' id='line_1_11' title="bbox 191 1771 1272 1894; baseline -0.001 -22"><span class='ocrx_word' id='word_1_60' title='bbox 191 1799 327 1890; x_wconf 85' lang='lat' dir='ltr'><strong>Quales</strong></span> <span class='ocrx_word' id='word_1_61' title='bbox 353 1809 473 1874; x_wconf 89' lang='lat' dir='ltr'><strong>esseut</strong></span> <span class='ocrx_word' id='word_1_62' title='bbox 502 1797 864 1872; x_wconf 74' lang='lat' dir='ltr'><strong>Lacedaemoniorum</strong></span> <span class='ocrx_word' id='word_1_63' title='bbox 891 1771 1038 1890; x_wconf 76' lang='lat' dir='ltr'><strong>preces,</strong></span> <span class='ocrx_word' id='word_1_64' title='bbox 1074 1799 1123 1870; x_wconf 88' lang='lat' dir='ltr'><strong>ad</strong></span> <span class='ocrx_word' id='word_1_65' title='bbox 1147 1825 1181 1872; x_wconf 83' lang='lat' dir='ltr'><strong>r.</strong></span> <span class='ocrx_word' id='word_1_66' title='bbox 1212 1801 1272 1894; x_wconf 78' lang='grc'><strong>59.</strong></span> 
     </span>
    </p>
   </div>
   <div class='ocr_carea' id='block_1_4' title="bbox 119 1923 1275 2204">
    <p class='ocr_par' dir='ltr' id='par_1_4' title="bbox 119 1923 1275 2184">
     <span class='ocr_line' id='line_1_12' title="bbox 139 1923 1275 2025; baseline 0.004 -21"><span class='ocrx_word' id='word_1_67' title='bbox 139 1928 143 1936; x_wconf 80' lang='lat'>&#39;</span> <span class='ocrx_word' id='word_1_68' title='bbox 191 1935 325 2008; x_wconf 78' lang='lat' dir='ltr'><strong>dictsrm</strong></span> <span class='ocrx_word' id='word_1_69' title='bbox 340 1944 404 2012; x_wconf 68' lang='lat' dir='ltr'><strong>est,</strong></span> <span class='ocrx_word' id='word_1_70' title='bbox 443 1932 571 2025; x_wconf 84' lang='lat' dir='ltr'><strong>Pergit</strong></span> <span class='ocrx_word' id='word_1_71' title='bbox 585 1931 701 2002; x_wconf 87' lang='lat' dir='ltr'><strong>idem:</strong></span> <span class='ocrx_word' id='word_1_72' title='bbox 727 1933 834 2022; x_wconf 81' lang='lat' dir='ltr'><strong>„Nou</strong></span> <span class='ocrx_word' id='word_1_73' title='bbox 851 1933 1029 2012; x_wconf 86' lang='lat' dir='ltr'><strong>eiusmodi</strong></span> <span class='ocrx_word' id='word_1_74' title='bbox 1043 1923 1098 2005; x_wconf 73' lang='lat' dir='ltr'><strong>e&#39;st</strong></span> <span class='ocrx_word' id='word_1_75' title='bbox 1108 1933 1275 2009; x_wconf 85' lang='lat' dir='ltr'><strong>Deorum</strong></span> 
     </span>
     <span class='ocr_line' id='line_1_13' title="bbox 119 2058 1274 2204; baseline 0.001 -66"><span class='ocrx_word' id='word_1_76' title='bbox 119 2058 124 2079; x_wconf 85' lang='lat'>&#39;</span> <span class='ocrx_word' id='word_1_77' title='bbox 191 2079 341 2156; x_wconf 87' lang='lat' dir='ltr'><strong>natura,</strong></span> <span class='ocrx_word' id='word_1_78' title='bbox 369 2077 413 2138; x_wconf 90' lang='lat' dir='ltr'><strong>ut</strong></span> <span class='ocrx_word' id='word_1_79' title='bbox 432 2069 590 2184; x_wconf 27' lang='lat' dir='ltr'><strong>ducatur!</strong></span> <span class='ocrx_word' id='word_1_80' title='bbox 608 2066 838 2152; x_wconf 87' lang='lat' dir='ltr'><strong>muneribus,</strong></span> <span class='ocrx_word' id='word_1_81' title='bbox 878 2064 1180 2204; x_wconf 80' lang='lat' dir='ltr'><strong>quemadmodum</strong></span> <span class='ocrx_word' id='word_1_82' title='bbox 1199 2067 1274 2148; x_wconf 79' lang='lat' dir='ltr'><strong>irn-</strong></span> 
     </span>
    </p>
   </div>
   <div class='ocr_carea' id='block_1_5' title="bbox 191 2197 1275 2834">
    <p class='ocr_par' dir='ltr' id='par_1_5' title="bbox 191 2197 1275 2834">
     <span class='ocr_line' id='line_1_14' title="bbox 191 2197 1274 2294; baseline 0.002 -24"><span class='ocrx_word' id='word_1_83' title='bbox 191 2202 331 2292; x_wconf 88' lang='lat' dir='ltr'><strong>probus</strong></span> <span class='ocrx_word' id='word_1_84' title='bbox 353 2201 546 2272; x_wconf 85' lang='lat' dir='ltr'><strong>fenerator.</strong></span> <span class='ocrx_word' id='word_1_85' title='bbox 559 2201 597 2286; x_wconf 70' lang='lat'><strong>⁰)</strong></span> <span class='ocrx_word' id='word_1_86' title='bbox 656 2197 801 2270; x_wconf 86' lang='lat' dir='ltr'><strong>Etenim</strong></span> <span class='ocrx_word' id='word_1_87' title='bbox 822 2223 932 2294; x_wconf 82' lang='lat' dir='ltr'><strong>grave</strong></span> <span class='ocrx_word' id='word_1_88' title='bbox 953 2214 1065 2292; x_wconf 88' lang='lat' dir='ltr'><strong>esset,</strong></span> <span class='ocrx_word' id='word_1_89' title='bbox 1076 2197 1124 2272; x_wconf 89' lang='lat' dir='ltr'><strong>si</strong></span> <span class='ocrx_word' id='word_1_90' title='bbox 1146 2200 1210 2278; x_wconf 89' lang='lat' dir='ltr'><strong>Dii</strong></span> <span class='ocrx_word' id='word_1_91' title='bbox 1228 2199 1274 2272; x_wconf 89' lang='lat' dir='ltr'><strong>ad</strong></span> 
     </span>
     <span class='ocr_line' id='line_1_15' title="bbox 194 2333 1274 2453; baseline 0.001 -47"><span class='ocrx_word' id='word_1_92' title='bbox 194 2336 346 2408; x_wconf 83' lang='lat' dir='ltr'><strong>donaria</strong></span> <span class='ocrx_word' id='word_1_93' title='bbox 369 2343 405 2410; x_wconf 90' lang='lat' dir='ltr'><strong>et</strong></span> <span class='ocrx_word' id='word_1_94' title='bbox 423 2333 598 2406; x_wconf 87' lang='lat' dir='ltr'><strong>sacrificia</strong></span> <span class='ocrx_word' id='word_1_95' title='bbox 612 2342 742 2416; x_wconf 72' lang='lat' dir='ltr'><strong>nonna</strong></span> <span class='ocrx_word' id='word_1_96' title='bbox 764 2335 986 2426; x_wconf 79' lang='lat' dir='ltr'><strong>respicerent</strong></span> <span class='ocrx_word' id='word_1_97' title='bbox 999 2339 1136 2453; x_wconf 88' lang='lat' dir='ltr'><strong>potius,</strong></span> <span class='ocrx_word' id='word_1_98' title='bbox 1164 2359 1274 2430; x_wconf 89' lang='lat' dir='ltr'><strong>quam</strong></span> 
     </span>
     <span class='ocr_line' id='line_1_16' title="bbox 194 2469 1274 2566; baseline 0.005 -27"><span class='ocrx_word' id='word_1_99' title='bbox 194 2471 240 2539; x_wconf 86' lang='lat' dir='ltr'><strong>ad</strong></span> <span class='ocrx_word' id='word_1_100' title='bbox 261 2469 437 2558; x_wconf 79' lang='lat' dir='ltr'><strong>murnum,</strong></span> <span class='ocrx_word' id='word_1_101' title='bbox 476 2479 598 2538; x_wconf 84' lang='lat' dir='ltr'><strong>utrum</strong></span> <span class='ocrx_word' id='word_1_102' title='bbox 623 2469 739 2538; x_wconf 85' lang='lat' dir='ltr'><strong>iustus</strong></span> <span class='ocrx_word' id='word_1_103' title='bbox 762 2480 981 2566; x_wconf 78' lang='lat' dir='ltr'><strong>sanctusque</strong></span> <span class='ocrx_word' id='word_1_104' title='bbox 997 2472 1059 2565; x_wconf 77' lang='lat' dir='ltr'><strong>sit3</strong></span> <span class='ocrx_word' id='word_1_105' title='bbox 1099 2472 1274 2566; x_wconf 84' lang='lat' dir='ltr'><strong>adquam</strong></span> 
     </span>
     <span class='ocr_line' id='line_1_17' title="bbox 192 2601 1275 2700; baseline -0.005 -22"><span class='ocrx_word' id='word_1_106' title='bbox 192 2606 359 2700; x_wconf 86' lang='lat' dir='ltr'><strong>equidem</strong></span> <span class='ocrx_word' id='word_1_107' title='bbox 373 2605 474 2676; x_wconf 87' lang='lat' dir='ltr'><strong>Deos</strong></span> <span class='ocrx_word' id='word_1_108' title='bbox 492 2601 651 2673; x_wconf 84' lang='lat' dir='ltr'><strong>arbitror</strong></span> <span class='ocrx_word' id='word_1_109' title='bbox 664 2603 781 2672; x_wconf 90' lang='lat' dir='ltr'><strong>multo</strong></span> <span class='ocrx_word' id='word_1_110' title='bbox 801 2607 915 2696; x_wconf 87' lang='lat' dir='ltr'><strong>magis</strong></span> <span class='ocrx_word' id='word_1_111' title='bbox 932 2609 1133 2692; x_wconf 85' lang='lat' dir='ltr'><strong>attendere,</strong></span> <span class='ocrx_word' id='word_1_112' title='bbox 1165 2625 1275 2697; x_wconf 89' lang='lat' dir='ltr'><strong>quam</strong></span> 
     </span>
     <span class='ocr_line' id='line_1_18' title="bbox 194 2735 1275 2834; baseline -0.003 -26"><span class='ocrx_word' id='word_1_113' title='bbox 194 2741 238 2812; x_wconf 89' lang='lat' dir='ltr'><strong>ad</strong></span> <span class='ocrx_word' id='word_1_114' title='bbox 254 2739 357 2812; x_wconf 91' lang='lat' dir='ltr'><strong>multi</strong></span> <span class='ocrx_word' id='word_1_115' title='bbox 370 2747 509 2806; x_wconf 82' lang='lat' dir='ltr'><strong>sumtus</strong></span> <span class='ocrx_word' id='word_1_116' title='bbox 530 2757 681 2833; x_wconf 84' lang='lat' dir='ltr'><strong>pompas</strong></span> <span class='ocrx_word' id='word_1_117' title='bbox 702 2745 809 2834; x_wconf 87' lang='lat' dir='ltr'><strong>atqua</strong></span> <span class='ocrx_word' id='word_1_118' title='bbox 826 2757 946 2826; x_wconf 89' lang='lat' dir='ltr'><strong>sacra,</strong></span> <span class='ocrx_word' id='word_1_119' title='bbox 970 2761 1052 2830; x_wconf 86' lang='lat' dir='ltr'><strong>quae</strong></span> <span class='ocrx_word' id='word_1_120' title='bbox 1073 2735 1164 2808; x_wconf 87' lang='lat' dir='ltr'><strong>nihil</strong></span> <span class='ocrx_word' id='word_1_121' title='bbox 1181 2759 1275 2828; x_wconf 85' lang='lat' dir='ltr'><strong>pro-</strong></span> 
     </span>
    </p>
   </div>
   <div class='ocr_carea' id='block_1_6' title="bbox 195 2919 489 2944">
    <p class='ocr_par' dir='ltr' id='par_1_6' title="bbox 195 2919 489 2944">
     <span class='ocr_line' id='line_1_19' title="bbox 195 2919 489 2944; baseline 0 0"><span class='ocrx_word' id='word_1_122' title='bbox 195 2919 489 2944; x_wconf 54' lang='grc' dir='ltr'><strong><em>Μ</em></strong></span> 
     </span>
    </p>
   </div>
   <div class='ocr_carea' id='block_1_7' title="bbox 193 3030 1350 4276">
    <p class='ocr_par' dir='ltr' id='par_1_7' title="bbox 193 3030 1350 4276">
     <span class='ocr_line' id='line_1_20' title="bbox 278 3030 1277 3114; baseline -0.001 -17"><span class='ocrx_word' id='word_1_123' title='bbox 278 3045 387 3098; x_wconf 87' lang='lat' dir='ltr'><strong>contra</strong></span> <span class='ocrx_word' id='word_1_124' title='bbox 415 3030 623 3096; x_wconf 79' lang='lat' dir='ltr'><strong>Athenienses</strong></span> <span class='ocrx_word' id='word_1_125' title='bbox 651 3030 878 3112; x_wconf 74' lang='lat' dir='ltr'><strong>aliquantisper</strong></span> <span class='ocrx_word' id='word_1_126' title='bbox 908 3045 980 3094; x_wconf 85' lang='lat' dir='ltr'><strong>ante</strong></span> <span class='ocrx_word' id='word_1_127' title='bbox 1007 3035 1163 3096; x_wconf 86' lang='lat' dir='ltr'><strong>Socratem</strong></span> <span class='ocrx_word' id='word_1_128' title='bbox 1188 3033 1277 3114; x_wconf 88' lang='lat' dir='ltr'><strong>(dicit</strong></span> 
     </span>
     <span class='ocr_line' id='line_1_21' title="bbox 279 3135 1277 3236; baseline 0.002 -36"><span class='ocrx_word' id='word_1_129' title='bbox 279 3139 365 3200; x_wconf 86' lang='lat' dir='ltr'><strong>anim</strong></span> <span class='ocrx_word' id='word_1_130' title='bbox 388 3158 421 3196; x_wconf 87' lang='lat' dir='ltr'><strong>so</strong></span> <span class='ocrx_word' id='word_1_131' title='bbox 444 3135 657 3198; x_wconf 82' lang='lat' dir='ltr'><strong>narrationem</strong></span> <span class='ocrx_word' id='word_1_132' title='bbox 680 3155 700 3194; x_wconf 88' lang='lat' dir='ltr'><strong>a</strong></span> <span class='ocrx_word' id='word_1_133' title='bbox 724 3135 913 3196; x_wconf 87' lang='lat' dir='ltr'><strong>senioribus</strong></span> <span class='ocrx_word' id='word_1_134' title='bbox 909 3137 1099 3218; x_wconf 83' lang='lat' dir='ltr'><strong>quibusdam</strong></span> <span class='ocrx_word' id='word_1_135' title='bbox 1114 3139 1277 3236; x_wconf 87' lang='lat' dir='ltr'><strong>accepisse,</strong></span> 
     </span>
     <span class='ocr_line' id='line_1_22' title="bbox 279 3235 1279 3324; baseline 0.015 -30"><span class='ocrx_word' id='word_1_136' title='bbox 279 3239 358 3297; x_wconf 64' lang='lat' dir='ltr'><strong>tucca</strong></span> <span class='ocrx_word' id='word_1_137' title='bbox 375 3237 457 3310; x_wconf 64' lang='grc' dir='ltr'><strong><em>ἤπυσα</em></strong></span> <span class='ocrx_word' id='word_1_138' title='bbox 474 3239 656 3307; x_wconf 70' lang='lat' dir='ltr'><strong>cusationem</strong></span> <span class='ocrx_word' id='word_1_139' title='bbox 673 3235 765 3304; x_wconf 70' lang='lat' dir='ltr'><strong>sasas)</strong></span> <span class='ocrx_word' id='word_1_140' title='bbox 782 3261 904 3320; x_wconf 83' lang='lat' dir='ltr'><strong>semper</strong></span> <span class='ocrx_word' id='word_1_141' title='bbox 919 3241 1057 3304; x_wconf 78' lang='lat' dir='ltr'><strong>feliciter</strong></span> <span class='ocrx_word' id='word_1_142' title='bbox 1069 3245 1174 3324; x_wconf 88' lang='lat' dir='ltr'><strong>gestis,</strong></span> <span class='ocrx_word' id='word_1_143' title='bbox 1195 3257 1227 3308; x_wconf 86' lang='lat' dir='ltr'><strong>et</strong></span> <span class='ocrx_word' id='word_1_144' title='bbox 1239 3248 1279 3308; x_wconf 89' lang='lat' dir='ltr'><strong>de</strong></span> 
     </span>
     <span class='ocr_line' id='line_1_23' title="bbox 280 3347 1278 3432; baseline 0.004 -22"><span class='ocrx_word' id='word_1_145' title='bbox 280 3348 408 3410; x_wconf 88' lang='lat' dir='ltr'><strong>oraculo</strong></span> <span class='ocrx_word' id='word_1_146' title='bbox 424 3367 569 3410; x_wconf 82' lang='lat' dir='ltr'><strong>sermone</strong></span> <span class='ocrx_word' id='word_1_147' title='bbox 586 3347 686 3414; x_wconf 91' lang='lat' dir='ltr'><strong>soluto</strong></span> <span class='ocrx_word' id='word_1_148' title='bbox 704 3348 790 3410; x_wconf 89' lang='lat' dir='ltr'><strong>edito</strong></span> <span class='ocrx_word' id='word_1_149' title='bbox 808 3347 954 3412; x_wconf 85' lang='lat' dir='ltr'><strong>traditur.</strong></span> <span class='ocrx_word' id='word_1_150' title='bbox 1003 3351 1161 3432; x_wconf 87' lang='lat' dir='ltr'><strong>Diogenes</strong></span> <span class='ocrx_word' id='word_1_151' title='bbox 1177 3351 1278 3414; x_wconf 71' lang='lat' dir='ltr'><strong>Laen-</strong></span> 
     </span>
     <span class='ocr_line' id='line_1_24' title="bbox 279 3453 1278 3538; baseline 0.005 -22"><span class='ocrx_word' id='word_1_152' title='bbox 279 3454 342 3534; x_wconf 81' lang='lat' dir='ltr'><strong>tius</strong></span> <span class='ocrx_word' id='word_1_153' title='bbox 363 3453 431 3514; x_wconf 88' lang='lat' dir='ltr'><strong>sinc</strong></span> <span class='ocrx_word' id='word_1_154' title='bbox 455 3453 519 3516; x_wconf 89' lang='lat' dir='ltr'><strong>ulla</strong></span> <span class='ocrx_word' id='word_1_155' title='bbox 543 3463 646 3514; x_wconf 85' lang='lat' dir='ltr'><strong>tamen</strong></span> <span class='ocrx_word' id='word_1_156' title='bbox 663 3453 851 3534; x_wconf 82' lang='lat' dir='ltr'><strong>suspicionis</strong></span> <span class='ocrx_word' id='word_1_157' title='bbox 864 3465 939 3520; x_wconf 81' lang='lat' dir='ltr'><strong>uota</strong></span> <span class='ocrx_word' id='word_1_158' title='bbox 953 3455 1037 3518; x_wconf 88' lang='lat' dir='ltr'><strong>inter</strong></span> <span class='ocrx_word' id='word_1_159' title='bbox 1051 3457 1185 3538; x_wconf 85' lang='lat' dir='ltr'><strong>genuina</strong></span> <span class='ocrx_word' id='word_1_160' title='bbox 1204 3457 1278 3521; x_wconf 82' lang='lat' dir='ltr'><strong>Pla-</strong></span> 
     </span>
     <span class='ocr_line' id='line_1_25' title="bbox 193 3558 1279 3642; baseline -0.002 -20"><span class='ocrx_word' id='word_1_161' title='bbox 193 3583 201 3622; x_wconf 91' lang='lat'><strong>.·</strong></span> <span class='ocrx_word' id='word_1_162' title='bbox 276 3558 360 3620; x_wconf 89' lang='lat' dir='ltr'><strong>tonis</strong></span> <span class='ocrx_word' id='word_1_163' title='bbox 393 3581 489 3642; x_wconf 84' lang='lat' dir='ltr'><strong>opera</strong></span> <span class='ocrx_word' id='word_1_164' title='bbox 519 3559 602 3624; x_wconf 87' lang='lat' dir='ltr'><strong>hunc</strong></span> <span class='ocrx_word' id='word_1_165' title='bbox 632 3561 789 3641; x_wconf 78' lang='lat' dir='ltr'><strong>dialogum</strong></span> <span class='ocrx_word' id='word_1_166' title='bbox 819 3559 938 3642; x_wconf 88' lang='lat' dir='ltr'><strong>posuit,</strong></span> <span class='ocrx_word' id='word_1_167' title='bbox 975 3573 1007 3632; x_wconf 85' lang='lat' dir='ltr'><strong>et</strong></span> <span class='ocrx_word' id='word_1_168' title='bbox 1024 3563 1279 3642; x_wconf 82' lang='lat' dir='ltr'><strong>inscriptionem:</strong></span> 
     </span>
     <span class='ocr_line' id='line_1_26' title="bbox 276 3644 1350 3747; baseline 0.007 -29"><span class='ocrx_word' id='word_1_169' title='bbox 276 3659 440 3742; x_wconf 67' lang='lat' dir='ltr'><strong>Alassflsodpt</strong></span> <span class='ocrx_word' id='word_1_170' title='bbox 457 3659 609 3738; x_wconf 62' lang='lat' dir='ltr'><strong>das-sapsas}</strong></span> <span class='ocrx_word' id='word_1_171' title='bbox 623 3644 883 3736; x_wconf 68' lang='lat' dir='ltr'><strong>aspsnpocsomoe</strong></span> <span class='ocrx_word' id='word_1_172' title='bbox 916 3667 1011 3747; x_wconf 77' lang='lat' dir='ltr'><strong>Diog.</strong></span> <span class='ocrx_word' id='word_1_173' title='bbox 1040 3669 1149 3729; x_wconf 77' lang='lat' dir='ltr'><strong>Laert.</strong></span> <span class='ocrx_word' id='word_1_174' title='bbox 1178 3663 1208 3738; x_wconf 82' lang='grc'><strong><em>5,</em></strong></span> <span class='ocrx_word' id='word_1_175' title='bbox 1230 3669 1279 3742; x_wconf 80' lang='grc'><strong><em>59.</em></strong></span> <span class='ocrx_word' id='word_1_176' title='bbox 1345 3713 1350 3744; x_wconf 75' lang='grc'>,</span> 
     </span>
     <span class='ocr_line' id='line_1_27' title="bbox 278 3751 1280 3850; baseline -0.003 -19"><span class='ocrx_word' id='word_1_177' title='bbox 278 3751 467 3850; x_wconf 76' lang='lat' dir='ltr'><strong>adoptarunt</strong></span> <span class='ocrx_word' id='word_1_178' title='bbox 495 3771 711 3835; x_wconf 82' lang='lat' dir='ltr'><strong>Grammatici.</strong></span> <span class='ocrx_word' id='word_1_179' title='bbox 773 3777 896 3836; x_wconf 80' lang='lat' dir='ltr'><strong>Laudat</strong></span> <span class='ocrx_word' id='word_1_180' title='bbox 921 3774 1034 3846; x_wconf 86' lang='lat' dir='ltr'><strong>etiam,</strong></span> <span class='ocrx_word' id='word_1_181' title='bbox 1068 3781 1105 3830; x_wconf 91' lang='lat' dir='ltr'><strong>ut</strong></span> <span class='ocrx_word' id='word_1_182' title='bbox 1133 3769 1280 3842; x_wconf 82' lang='lat' dir='ltr'><strong>Platonis,</strong></span> 
     </span>
     <span class='ocr_line' id='line_1_28' title="bbox 281 3848 1281 3958; baseline 0 -26"><span class='ocrx_word' id='word_1_183' title='bbox 281 3874 392 3939; x_wconf 70' lang='lat' dir='ltr'><strong>arian.</strong></span> <span class='ocrx_word' id='word_1_184' title='bbox 410 3875 486 3936; x_wconf 71' lang='lat' dir='ltr'><strong>var.</strong></span> <span class='ocrx_word' id='word_1_185' title='bbox 504 3875 585 3936; x_wconf 77' lang='lat' dir='ltr'><strong>Huc</strong></span> <span class='ocrx_word' id='word_1_186' title='bbox 605 3885 634 3950; x_wconf 75' lang='lat' dir='ltr'><strong>s,</strong></span> <span class='ocrx_word' id='word_1_187' title='bbox 651 3848 766 3956; x_wconf 49' lang='grc' dir='ltr'><strong>φὰψ.</strong></span> <span class='ocrx_word' id='word_1_188' title='bbox 781 3879 999 3958; x_wconf 72' lang='lat' dir='ltr'><strong>antiquitatem</strong></span> <span class='ocrx_word' id='word_1_189' title='bbox 1018 3873 1095 3934; x_wconf 69' lang='lat' dir='ltr'><strong>uara</strong></span> <span class='ocrx_word' id='word_1_190' title='bbox 1115 3871 1188 3930; x_wconf 68' lang='grc' dir='ltr'><strong>..ιιι</strong></span> <span class='ocrx_word' id='word_1_191' title='bbox 1201 3869 1281 3932; x_wconf 70' lang='lat' dir='ltr'><strong>eta-</strong></span> 
     </span>
     <span class='ocr_line' id='line_1_29' title="bbox 282 3973 1280 4054; baseline 0.005 -19"><span class='ocrx_word' id='word_1_192' title='bbox 282 3977 375 4036; x_wconf 87' lang='lat' dir='ltr'><strong>sicam</strong></span> <span class='ocrx_word' id='word_1_193' title='bbox 398 3979 540 4054; x_wconf 78' lang='lat' dir='ltr'><strong>probant</strong></span> <span class='ocrx_word' id='word_1_194' title='bbox 561 3979 636 4040; x_wconf 88' lang='lat' dir='ltr'><strong>Vid.</strong></span> <span class='ocrx_word' id='word_1_195' title='bbox 656 3981 782 4042; x_wconf 83' lang='lat' dir='ltr'><strong>Platona</strong></span> <span class='ocrx_word' id='word_1_196' title='bbox 806 3981 924 4042; x_wconf 81' lang='lat' dir='ltr'><strong>Werka</strong></span> <span class='ocrx_word' id='word_1_197' title='bbox 941 3979 1056 4040; x_wconf 80' lang='lat' dir='ltr'><strong>vonF</strong></span> <span class='ocrx_word' id='word_1_198' title='bbox 1072 3973 1280 4052; x_wconf 73' lang='lat' dir='ltr'><strong>Schleierma·</strong></span> 
     </span>
     <span class='ocr_line' id='line_1_30' title="bbox 282 4079 1279 4164; baseline 0.004 -23"><span class='ocrx_word' id='word_1_199' title='bbox 282 4079 368 4141; x_wconf 85' lang='lat' dir='ltr'><strong>cher</strong></span> <span class='ocrx_word' id='word_1_200' title='bbox 409 4081 616 4144; x_wconf 78' lang='lat' dir='ltr'>Th.1.13..2</span> <span class='ocrx_word' id='word_1_201' title='bbox 639 4085 741 4144; x_wconf 87' lang='lat' dir='ltr'><strong>Berol.</strong></span> <span class='ocrx_word' id='word_1_202' title='bbox 767 4089 854 4154; x_wconf 86' lang='lat'>1805.</span> <span class='ocrx_word' id='word_1_203' title='bbox 876 4106 906 4164; x_wconf 91' lang='lat' dir='ltr'><strong>p</strong></span> <span class='ocrx_word' id='word_1_204' title='bbox 927 4083 998 4147; x_wconf 89' lang='grc'><strong><em>565.</em></strong></span> <span class='ocrx_word' id='word_1_205' title='bbox 1038 4081 1176 4144; x_wconf 86' lang='lat' dir='ltr'><strong>Platonis</strong></span> <span class='ocrx_word' id='word_1_206' title='bbox 1198 4081 1279 4146; x_wconf 87' lang='lat' dir='ltr'><strong>Dia-</strong></span> 
     </span>
     <span class='ocr_line' id='line_1_31' title="bbox 280 4183 1280 4276; baseline 0.011 -30"><span class='ocrx_word' id='word_1_207' title='bbox 280 4183 392 4264; x_wconf 71' lang='lat' dir='ltr'><strong>logii,</strong></span> <span class='ocrx_word' id='word_1_208' title='bbox 413 4205 479 4256; x_wconf 87' lang='lat' dir='ltr'><strong>cur</strong></span> <span class='ocrx_word' id='word_1_209' title='bbox 494 4187 614 4256; x_wconf 74' lang='lat' dir='ltr'><strong>Biestcc</strong></span> <span class='ocrx_word' id='word_1_210' title='bbox 637 4199 668 4250; x_wconf 88' lang='lat' dir='ltr'><strong>et</strong></span> <span class='ocrx_word' id='word_1_211' title='bbox 693 4189 876 4255; x_wconf 81' lang='lat' dir='ltr'><strong>Buttmann.</strong></span> <span class='ocrx_word' id='word_1_212' title='bbox 889 4188 949 4252; x_wconf 89' lang='lat' dir='ltr'><strong>Ed.</strong></span> <span class='ocrx_word' id='word_1_213' title='bbox 971 4191 1001 4252; x_wconf 93' lang='grc'><strong><em>5.</em></strong></span> <span class='ocrx_word' id='word_1_214' title='bbox 1022 4188 1122 4264; x_wconf 79' lang='lat' dir='ltr'><strong>Berol,</strong></span> <span class='ocrx_word' id='word_1_215' title='bbox 1139 4201 1226 4262; x_wconf 87' lang='grc' dir='ltr'><strong>ι8ιι</strong></span> <span class='ocrx_word' id='word_1_216' title='bbox 1247 4213 1280 4276; x_wconf 81' lang='lat' dir='ltr'><strong>p.</strong></span> 
     </span>
    </p>
   </div>
   <div class='ocr_carea' id='block_1_8' title="bbox 286 4309 355 4370">
    <p class='ocr_par' dir='ltr' id='par_1_8' title="bbox 286 4309 355 4370">
     <span class='ocr_line' id='line_1_32' title="bbox 286 4309 355 4370; baseline -0.035 0"><span class='ocrx_word' id='word_1_217' title='bbox 286 4309 355 4370; x_wconf 84' lang='lat'>¹77·</span> 
     </span>
    </p>
   </div>
   <div class='ocr_carea' id='block_1_9' title="bbox 217 4411 1280 4574">
    <p class='ocr_par' dir='ltr' id='par_1_9' title="bbox 217 4411 1280 4574">
     <span class='ocr_line' id='line_1_33' title="bbox 217 4411 1280 4492; baseline 0.011 -26"><span class='ocrx_word' id='word_1_218' title='bbox 217 4415 244 4483; x_wconf 81' lang='lat'><strong>⁸)</strong></span> <span class='ocrx_word' id='word_1_219' title='bbox 285 4411 301 4467; x_wconf 71' lang='grc' dir='ltr'><strong>ι’</strong></span> <span class='ocrx_word' id='word_1_220' title='bbox 323 4433 387 4485; x_wconf 74' lang='lat' dir='ltr'><strong>yso,</strong></span> <span class='ocrx_word' id='word_1_221' title='bbox 415 4412 503 4485; x_wconf 66' lang='lat' dir='ltr'><strong>opas,</strong></span> <span class='ocrx_word' id='word_1_222' title='bbox 534 4437 634 4474; x_wconf 69' lang='lat' dir='ltr'><strong>samos</strong></span> <span class='ocrx_word' id='word_1_223' title='bbox 657 4417 696 4480; x_wconf 75' lang='grc' dir='ltr'><strong>ι’ςι</strong></span> <span class='ocrx_word' id='word_1_224' title='bbox 718 4437 747 4472; x_wconf 81' lang='grc' dir='ltr'><strong>ιο</strong></span> <span class='ocrx_word' id='word_1_225' title='bbox 772 4435 824 4473; x_wconf 77' lang='lat' dir='ltr'><strong>auu</strong></span> <span class='ocrx_word' id='word_1_226' title='bbox 839 4419 920 4486; x_wconf 73' lang='grc' dir='ltr'><em>θεων,</em></span> <span class='ocrx_word' id='word_1_227' title='bbox 956 4413 1069 4480; x_wconf 67' lang='lat' dir='ltr'><strong>oiae&#39;s&#39;no</strong></span> <span class='ocrx_word' id='word_1_228' title='bbox 1086 4415 1176 4492; x_wconf 71' lang='lat' dir='ltr'><strong>iupus</strong></span> <span class='ocrx_word' id='word_1_229' title='bbox 1191 4439 1280 4492; x_wconf 74' lang='grc' dir='ltr'><strong>παρα-</strong></span> 
     </span>
     <span class='ocr_line' id='line_1_34' title="bbox 289 4505 602 4574; baseline -0.003 -16"><span class='ocrx_word' id='word_1_230' title='bbox 289 4505 397 4574; x_wconf 77' lang='grc' dir='ltr'><strong>γεσθαι,</strong></span> <span class='ocrx_word' id='word_1_231' title='bbox 418 4505 473 4560; x_wconf 79' lang='grc' dir='ltr'><strong>ὄιον</strong></span> <span class='ocrx_word' id='word_1_232' title='bbox 493 4525 602 4574; x_wconf 77' lang='grc' dir='ltr'><strong><em>τσκκην.</em></strong></span> 
     </span>
    </p>
   </div>
   <div class='ocr_carea' id='block_1_10' title="bbox 0 0 1542 5202">
    <p class='ocr_par' dir='ltr' id='par_1_10' title="bbox 0 0 1542 5202">
     <span class='ocr_line' id='line_1_35' title="bbox 0 0 1542 5202; baseline 0 0"><span class='ocrx_word' id='word_1_233' title='bbox 0 0 1542 5202; x_wconf 95' lang='lat' dir='ltr'><strong> </strong></span> 
     </span>
    </p>
   </div>
  </div>
 </body>
</html>
