2938 5208
199 441 202 450 ,
249 305 350 438 590ι
610 377 700 428 sn'r.
725 375 798 443 vl,
822 359 954 450 57-40.
1029 447 1037 468 ι

245 643 376 726 homo,
407 647 536 732 urget,
569 632 711 726 cnlpim
733 631 890 712 luxuriae
914 631 1088 736 transfert
1108 632 1148 708 in
1171 633 1311 706 doctores

118 771 123 785 '
248 773 408 862 Graios,
433 768 686 868 philosophos,
708 768 771 860 qui
790 790 937 840 morum
949 765 1139 840 mollitiem
1160 767 1313 840 eGreeis

248 932 336 978 oum
351 906 464 976 literis
481 905 609 978 Romae
631 901 840 976 intulerunt
889 903 944 976 Ita
959 901 1208 997 Casaubonus,
1230 902 1315 975 Koe-

137 1053 140 1062 “
248 1041 332 1136 ὥς,
364 1043 531 1128 Passow,
561 1039 714 1114 Weber.
764 1037 807 1108 In
839 1034 936 1108 hune
964 1059 1109 1112 sensum
1135 1037 1316 1130 sequentis:

248 1177 457 1274 Postquam
471 1195 641 1244 unacum
657 1171 793 1268 pipere,
814 1181 853 1239 et
869 1171 1031 1266 palmis,
1055 1173 1184 1246 ceteris
1199 1172 1318 1244 meroi-

249 1312 317 1384 bus
338 1307 608 1406 transmarinis,
642 1307 712 1378 Ιιοσ
744 1315 912 1375 nostrum
941 1329 1093 1402 sapere,
1124 1306 1322 1379 Graecorum

249 1441 499 1540 philosophia,
524 1463 606 1534 quae
621 1463 717 1514 nunc
732 1440 841 1533 vulgo
855 1439 1045 1534 probatur,
1068 1439 1185 1512 maris
1198 1464 1323 1536 expers,

250 1577 370 1651 mollis
385 1589 419 1676 et
435 1577 658 1662 effeminata,
685 1575 839 1644 admissa
854 1584 907 1646 est
927 1575 967 1646 in
980 1575 1138 1662 Urbem,
1162 1573 1325 1659 senisecae,
1425 1620 1427 1680 ,

251 1713 346 1786 cives
367 1709 540 1812 Romani,
573 1707 661 1778 olim
689 1719 848 1800 agrestes
877 1719 914 1783 et
945 1711 1108 1786 omnium
1130 1707 1328 1783 deliciarum

250 1848 381 1934 rudes,
419 1865 592 1936 inersque
623 1843 723 1936 ptdte
752 1843 971 1933 victitantes,
1010 1853 1212 1942 coeperunt
1238 1865 1329 1914 more
1429 1856 1430 1912 t

252 1981 469 2052 Graecorum
493 2001 636 2066 vivere,
661 1988 697 2046 et
717 1975 837 2070 pultes
851 2003 933 2058 suas
948 1981 1067 2062 unctis
1084 1979 1174 2052 cibis
1190 1989 1331 2050 mutare.

252 2106 438 2185 Obliciunt
452 2111 600 2206 quidem
612 2111 771 2184 Montius
786 2125 824 2184 et
837 2115 1053 2217 Meisterue,
1078 2139 1209 2212 expers
1229 2111 1337 2184 maris
1433 2177 1434 2190 ,

251 2246 393 2318 Latinis
415 2246 513 2318 idem
528 2245 638 2318 finisse
656 2270 697 2316 ae
722 2252 1138 2344 „experenuptiarum,“
1163 2249 1257 2320 Hor
1273 2245 1339 2318 Od.

254 2381 290 2468 5,
316 2402 371 2464 ιι,
399 2403 453 2446 ιι.
486 2369 722 2472 Respondent
744 2382 1026 2472 Casauboniani,
1048 2383 1224 2460 Nostrum
1249 2381 1285 2470 6,
1310 2383 1344 2450 4.

253 2511 386 2583 dixisse
399 2481 563 2599 „marem
579 2515 805 2607 strepitum,“
820 2517 1011 2604 Horatium
1032 2517 1121 2586 item
1135 2512 1178 2584 A.
1193 2516 1234 2584 Ρ.
1254 2514 1346 2584 402.

254 2655 398 2734 ,mares
414 2644 576 2714 animos“
592 2655 628 2715 et
641 2647 709 2738 Ep.
733 2675 764 2736 1,
785 2674 816 2738 ι,
835 2653 891 2722 64.
916 2650 1099 2740 „maribus
1112 2649 1260 2726 Curiis“
1277 2641 1351 2716 &o

255 2805 385 2852 verum
398 2784 584 2870 „1narern“
599 2767 856 2858 substaniivum
871 2807 941 2878 pro
958 2809 1016 2874 eo,
1035 2783 1133 2878 quod
1147 2758 1357 2862 masculuni

256 2925 295 2984 et
306 2889 387 2988 viro
405 2915 551 3008 dignum
568 2926 639 3000 est,
663 2926 700 2986 et
714 2920 831 2989 rueris
849 2944 981 3014 expers
995 2943 1066 3014 pro
1080 2917 1179 3004 molli
1195 2927 1232 2989 et
1253 2915 1352 2985 effe-

256 3051 396 3120 minato'
406 3049 540 3122 dictum
553 3049 677 3138 fuisse,
692 3051 754 3126 vix
768 3050 1013 3144 probaverint
1047 3051 1244 3126 Videamus
1258 3073 1354 3143 ergo

256 3194 394 3256 ceteras
411 3185 518 3255 huius
531 3183 602 3258 loci
616 3185 942 3278 interpretationes.
993 3188 1059 3262 Est
1076 3189 1189 3272 altera
1207 3185 1356 3285 (lasau-

256 3317 355 3406 boni,
369 3315 477 3400 huius
493 3319 648 3390 tenoris:
674 3321 891 3414 „Sapientia,
911 3345 1021 3418 quam
1035 3321 1144 3418 vulgo
1158 3296 1359 3406 docemur,

255 3451 514 3540 transmarina,
554 3455 742 3530 eGraeoia
769 3479 839 3550 per
867 3481 968 3530 mare
989 3457 1062 3530 huo
1082 3458 1253 3533 advecta“
1278 3448 1359 3532 &c-

255 3583 438 3656 Nimirum
453 3584 545 3655 duce
556 3585 730 3680 glossario
744 3600 883 3680 vetere,
907 3591 945 3662 in
961 3616 1034 3688 quo
1051 3617 1183 3688 expers
1201 3601 1363 3672 ἄπειρος

256 3728 494 3804 assensuros
514 3723 727 3838 exponitur,
767 3747 894 3816 vocem
920 3726 966 3800 iis
994 3741 1225 3820 annumerat,
1265 3751 1368 3842 (μω

261 4121 270 4138 0
338 4103 470 4174 prnsus,
491 4109 527 4162 ut
544 4109 666 4163 veteres
692 4101 896 4169 Scholiasta
894 4103 1008 4187 passim
1028 4107 1062 4172 in
1083 4109 1151 4180 Mss
1174 4115 1374 4192 exponunt.

263 4278 265 4288 y
338 4195 408 4270 „De
423 4201 517 4265 Corn.
536 4206 642 4269 Bestio
659 4209 771 4272 scribit
784 4211 983 4290 Plutarchus
1004 4237 1074 4278 eum
1092 4217 1259 4292 Ruscium,
1285 4219 1377 4278 Ius-

324 4297 421 4387 xbr¹c1
431 4307 532 4369 Soceri
546 4331 595 4372 sui
587 4311 715 4391 hlium
731 4338 822 4398 quem
838 4331 1001 4398 acceperat
1009 4323 1205 4400 servandum,
1224 4321 1377 4385 dedisse

339 4407 451 4490 morti,
474 4420 509 4488 “i
525 4413 593 4480 *ἕω
609 4437 685 4493 suro
700 4421 884 4518 potiretur“
907 4427 1003 4518 Csuq
1018 4425 1093 4494 sdt
1111 4447 1136 4492 c
1152 4426 1297 4500 flontii

1008 4654 1014 4692 i
