2932 5206
442 497 528 548 sn'r.
561 503 610 562 1.,
640 451 817 546 iot-106.
1055 539 1058 556 .
1125 443 1194 554 145

111 753 181 824 tica
197 764 233 823 et
248 752 410 826 affectata
425 753 636 828 recitatione
656 773 890 844 comparans,
921 776 995 824 non
1018 777 1091 826 una
1111 766 1194 850 ¹⁸3¹*

111 900 187 958 nnn
199 887 356 984 imagine
373 893 498 964 utitur.
551 887 704 982 Summa
725 886 847 959 saliva
861 881 931 958 &n
958 887 1023 980 „si
1039 855 1195 963 viriliter

110 1025 406 1115 pronuntiarent,
445 1047 523 1127 non
550 1023 714 1114 primore
741 1019 865 1116 lingua
888 1035 925 1098 et
944 1022 1057 1097 labris
1083 1019 1207 1100 rerba

109 1158 360 1233 effeminarent
375 1157 538 1229 molliter
554 1175 744 1248 expressa,
768 1167 807 1228 et
822 1157 872 1228 in
883 1179 1020 1256 summa
1036 1162 1194 1232 natantia
1310 1229 1314 1250 ,

105 1291 241 1378 saliva,
274 1315 356 1384 quae
379 1291 418 1360 in
431 1291 592 1397 ¹primam
614 1313 728 1384 usque
749 1289 911 1384 linguam
924 1293 1096 1364 exuberat
1108 1293 1193 1364 illuc

104 1446 348 1520 permanans,
388 1424 453 1494 aad
483 1425 603 1494 medio
633 1447 698 1494 ore
725 1421 869 1496 firmam
899 1424 1133 1520 conciperent
1161 1435 1198 1502 at

104 1559 296 1632 robustam
315 1582 461 1648 rocem,
494 1581 568 1626 non
587 1553 735 1627 tractam
757 1566 795 1628 et
810 1581 981 1632 enervem
1001 1557 1195 1632 delumba-

103 1697 228 1770 rent.“
265 1695 459 1768 'hunchuc
478 1665 574 1766 nav]
596 1714 653 1779 ιο,
678 1713 710 1762 1.
768 1691 891 1794 Notat
916 1695 956 1766 in
980 1691 1097 1766 labris
1120 1686 1192 1764 &c

103 1827 204 1920 „Qui
226 1827 326 1900 nullo
349 1827 660 1920 rerumpondere
683 1824 802 1896 innixi
829 1829 951 1901 verbis
977 1825 1136 1902 humidis
1155 1837 1193 1898 et

103 1962 323 2057 lapsantibus
345 1961 532 2049 diffluunt,
571 1979 699 2031 eorum
725 1957 929 2032 orationem
948 1959 1042 2032 bene
1063 1959 1193 2030 existi-

103 2109 243 2170 matum
264 2098 374 2168 estin
388 2109 455 2166 ore
470 2096 587 2184 nasci,
613 2118 689 2166 uon
703 2087 742 2164 in
757 2096 944 2188 pectore.“
976 2091 1072 2167 Gell.
1088 2095 1133 2166 N.
1147 2093 1192 2166 Α.
1256 2156 1261 2175 ,

108 2254 143 2318 1,
162 2237 217 2306 15.
229 2197 382 2302 'Eodem
398 2253 506 2300 sensu
521 2229 784 2322 Quinctili'anus
796 2230 932 2320 „verim
944 2231 981 2302 in
994 2223 1104 2302 labris
1118 2251 1191 2301 na-

102 2367 264 2437 scentia“
288 2361 373 2436 dicit
384 2361 469 2437 lust.
490 2387 547 2458 ro,
564 2361 600 2454 5,
616 2385 648 2434 a.
700 2365 748 2438 In
769 2365 862 2455 udo,
886 2367 1012 2442 eadem
1034 2361 1190 2440 levitatis

101 2509 138 2570 ct
151 2495 315 2570 mollitiae
329 2499 450 2590 notio,
474 2522 584 2593 qnam
601 2493 742 2570 Gellius
757 2501 900 2590 „verbis
922 2495 1101 2571 humidis“
1117 2523 1188 2572 ex·-
1209 2533 1211 2540 ’

100 2636 240 2727 pressit.
292 2633 421 2706 Itidem
436 2635 576 2704 Graeci:
608 2643 764 2712 nolanos
787 2667 835 2717 sog
858 2643 949 2714 iola
974 2639 1025 2704 ie·
1047 2660 1192 2711 canona,
1250 2717 1255 2725 ἱ

99 2799 160 2834 aaa
178 2777 273 2834 cisia
292 2776 507 2848 ὖγρσςίςινῆ
526 2778 672 2852 plostra·
699 2765 1062 2862 'I'lleophncltaracb
1078 2769 1191 2862 7·11bi
1277 2803 1290 2808 ·

101 2902 336 2974 Casaubonus
355 2901 396 2971 in
411 2899 611 2974 comment.
628 2906 674 2974 ad
688 2899 927 2996 Theophrast.
944 2924 1073 2974 verum
1089 2897 1191 2991 vidit,

101 3041 201 3132 quod
222 3039 377 3110 eundem
402 3035 441 3105 in
464 3035 592 3106 Persio
616 3031 830 3128 explicando
855 3031 991 3126 cffugit.
1041 3034 1103 3144 Ad*
1118 3060 1191 3106 no·-

99 3166 355 3240 strnmlocum
368 3167 583 3240 Turnebus:
616 3178 735 3256 typos,
757 3169 854 3262 quod
869 3167 1057 3241 humidum
1073 3181 1144 3260 cst,
1169 3193 1191 3242 a

99 3301 247 3374 Graecis
264 3325 335 3396 pro
359 3299 517 3408 molliet
531 3313 658 3376 tenero
675 3309 870 3400 usurpatur
882 3325 958 3376 non
973 3301 1190 3406 infrequcn·
1214 3289 1218 3298 ¹

99 3437 195 3508 ter.“
217 3435 310 3518 Adv.
328 3440 385 3530 28,
403 3437 461 3510 26.
486 3450 521 3509 et
541 3439 638 3512 idem
656 3439 703 3512 <le
725 3437 903 3512 Moenade
925 3451 961 3513 et
981 3439 1083 3540 Aty:
1113 3447 1187 3535 „Iu

102 3574 172 3644 udo
184 3585 244 3644 eat
255 3593 287 3644 a:
299 3573 448 3648 humida
464 3584 501 3646 et
513 3585 641 3646 tenera
662 3575 803 3669 lingua,
826 3602 916 3671 quae.
931 3577 1045 3652 saliva
1059 3589 1097 3648 et
1110 3577 1187 3648 hn-
1212 3671 1219 3680 ,
1256 3561 1258 3571 “

100 3727 203 3778 more
224 3678 353 3798 sostei,
377 3709 634 3803 pronuntiatur
653 3707 813 3779 molliter
835 3711 1088 3794 etateneriter,
1122 3731 1188 3776 nec

9 3823 10 3836 ¹
100 3837 337 3936 impressione
359 3841 446 3915 sicci
467 3837 598 3934 plectri
615 3833 712 3926 (sic)
728 3841 847 3914 valida
862 3841 1026 3935 signatur
1040 3849 1076 3908 et
1094 3839 1188 3908 feri-
1234 3931 1239 3952 ι

9 4197 11 4256 l

100 3981 169 4046 tur.
222 3971 377 4046 'Moenas
392 3997 537 4068 quoque
556 3984 593 4044 et
607 3970 705 4066 Atys
721 3975 768 4044 ad
781 3982 993 4064 argmuenta
1004 3973 1188 4066 pertinent

100 4119 134 4178 et
148 4105 342 4178 materiam
366 4107 534 4180 carminis
553 4105 769 4178 mollioris.“
798 4105 889 4181 nav.
910 4127 967 4195 10,
988 4129 1021 4178 1.
1061 4110 1184 4204 Quare

103 4230 296 4313 Martialis:
331 4239 432 4331 „Nec
453 4239 562 4316 dietat
580 4239 673 4312 mihi
695 4237 897 4315 momentus
918 4239 1007 4339 Atys
1032 4245 1182 4348 Mollem

104 4371 282 4447 debilitate
303 4375 568 4451 Galliambon.“
591 4377 718 4472 Epigr.
742 4397 779 4468 2,
803 4375 860 4450 86.
912 4379 990 4456 Nec
1008 4387 1182 4483 pluteum

103 4501 167 4579 &c
195 4511 352 4586 Versum
364 4513 484 4592 citarit
497 4513 760 4609 Quinctilianus
771 4517 856 4591 Iust.
874 4542 932 4612 ιο,
941 4522 977 4613 5,
988 4543 1046 4595 ar.
1061 4523 1181 4595 addita
