2938 5208
169 509 174 518 ¹
284 423 355 496 508
652 435 741 490 snm
768 439 846 508 vn,
873 406 1028 490 αι’-25].

281 710 344 771 eut
357 695 460 790 pictis
474 706 655 788 tamquam
669 693 827 788 gaudere
845 693 1037 786 tabellis;“
1051 703 1088 764 et
1103 717 1136 784 a,
1156 696 1191 780 5,
1207 717 1243 787 9.
1268 695 1350 788 „Qui

235 889 242 908 .
282 855 448 906 nummos
471 834 671 922 aurquue
693 830 876 917 recondit,
905 829 1047 898 nescius
1069 829 1123 904 uti
1137 829 1351 921 Compositis,

280 979 515 1058 metuensque
532 965 628 1040 velut
641 963 850 1066 eontingere
864 964 1044 1033 sacrum.“
1070 1029 1073 1037 ,
1092 961 1152 1040 Ad
1172 987 1254 1056 quae
1279 965 1354 1036 Ho-

280 1103 364 1174 ratii
378 1102 458 1172 loca
473 1099 588 1174 Soltol
604 1095 743 1172 Acron:
766 1099 862 1172 Bene
879 1072 988 1172 soora
1002 1096 1041 1166 in
1058 1099 1353 1190 comparationem

278 1245 315 1306 et
329 1235 507 1326 picturam
521 1233 736 1320 introduxit,
748 1246 750 1250 '
762 1231 859 1302 unde
880 1229 970 1312 nihil
993 1231 1039 1302 ad
1061 1225 1236 1322 quaestum
1254 1233 1354 1302 adimi

279 1333 414 1478 potest3
439 1391 524 1439 nam
546 1391 591 1438 ex
609 1389 683 1436 una
703 1377 806 1458 parte
828 1365 957 1458 religio
976 1365 1165 1456 prohibet,
1190 1389 1236 1438 ex
1251 1366 1356 1438 altera

278 1511 416 1576 tantum
434 1525 492 1570 ars
507 1503 583 1572 sine
596 1500 717 1571 fructu
729 1500 948 1572 intuentium
968 1500 1096 1574 animia
1110 1497 1238 1572 illudit.
1263 1499 1306 1572 ol.
1327 1525 1355 1588 a,

280 1641 314 1726 δ,
333 1659 411 1707 110.
450 1635 508 1706 De
518 1634 663 1728 piperis
677 1659 744 1704 usu
758 1633 951 1727 frequente
968 1635 1063 1726 apud
1079 1635 1263 1710 Romanos
1277 1635 1354 1710 nde

280 1773 314 1859 5,
336 1773 393 1864 75.
443 1767 520 1844 Hie
542 1791 656 1862 puer,
688 1747 918 1860 geminorum
942 1765 1042 1840 alter.
1093 1767 1355 1865 Magnanimm

194 1971 197 1976 ,
278 1904 403 1992 eadam
418 1901 695 1996 significatione,
720 1925 791 1996 qua
810 1903 927 1992 „talus
944 1903 1216 1997 magnanimus“
1231 1902 1355 1973 dicitnr

277 2037 432 2110 Martiol.
448 2038 503 2124 15,
522 2057 552 2123 1,
568 2040 602 2108 5.
637 2037 710 2126 Qui
728 2039 910 2131 ingentem
927 2060 1008 2110 rem
1022 2036 1235 2111 familiarem
1251 2038 1356 2106 dente

275 2173 332 2244 vel
346 2137 429 2264 gilla
445 2171 651 2266 decoquunt
665 2171 860 2270 (peragere
872 2173 943 2246 hoo
959 2195 1067 2246 seusu
1080 2173 1264 2246 insolitum
1278 2171 1358 2246 vide
1437 2147 1438 2182 ³

197 2317 199 2334 ⁴
275 2305 367 2376 Ptin.
388 2303 436 2408 H:
462 2301 505 2374 Ν.
528 2329 563 2396 9,
579 2303 654 2396 60.)
678 2279 833 2404 s'peoiom
856 2305 1011 2400 aliquam
1033 2309 1154 2400 mugili
1173 2317 1210 2376 et
1229 2305 1361 2380 excelsi

274 2437 382 2511 animi
398 2435 548 2524 habent,
574 2439 671 2530 quod
692 2439 784 2514 nihil
800 2441 843 2524 ad
856 2463 976 2524 suam,
1002 2441 1123 2510 omnia
1139 2439 1185 2508 ad
1200 2439 1362 2513 aliorum

272 2573 461 2647 utilitatem
490 2571 631 2646 reterre
662 2573 841 2646 videntur.
902 2569 1000 2644 Utor
1021 2594 1109 2668 ego,
1134 2583 1222 2644 utar
1243 2572 1365 2644 rebus
1437 2553 1438 2566 ἵ

133 2799 143 2810 ¹
245 2708 382 2797 meis,
406 2709 456 2777 ita
477 2713 597 2778 tamen
621 2715 662 2776 ut
681 2707 862 2778 luxuriam
883 2707 1009 2795 vitem,
1036 2729 1082 2776 ne
1097 2705 1137 2774 in
1150 2703 1238 2776 alios
1252 2708 1363 2780 stulte

139 2819 142 2827 ι
273 2843 338 2924 aion
354 2811 525 2930 liberalis,
548 2866 616 2946 nec
631 2839 719 2912 mihi
733 2841 804 2933 ipsi
818 2841 925 2911 nimis
941 2839 1155 2935 indulgeam.
1194 2843 1361 2942 Ita'quod

160 2988 163 3003 '
271 2978 317 3052 ad
332 2997 436 3052 usum
450 3001 574 3052 rorum
590 2977 767 3068 pertinet,
798 2988 835 3047 et
852 2987 1024 3069 quantum
1039 2973 1148 3049 homo
1162 2973 1321 3046 liberalis
1337 2999 1363 3044 a

269 3113 442 3206 prodigo,
467 3133 595 3203 parcus
611 3109 655 3188 eb
670 3135 779 3186 avaro
800 3111 955 3198 differat,
979 3107 1155 3182 Horatius
1172 3110 1275 3180 docet
1286 3109 1361 3200 Ep.

270 3267 305 3333 o,
324 3267 356 3333 o,
377 3267 456 3338 ¹90·
481 3247 615 3338 ‚,Utar,
641 3258 677 3317 et
692 3269 736 3321 ex
755 3246 919 3332 modico,
945 3255 1117 3340 quantum
1139 3267 1200 3316 ree
1220 3254 1363 3336 poscet,

269 3403 397 3450 acervo
408 3377 562 3466 Tollam,
578 3403 645 3460 neo
660 3391 818 3456 metuam
833 3379 921 3472 quid
937 3377 982 3448 de
1004 3403 1062 3450 me
1082 3373 1218 3450 iudicet
1235 3375 1362 3466 heres,

268 3513 378 3604 Quod
392 3489 469 3584 non
483 3511 589 3604 plura
606 3515 695 3584 datis
710 3513 911 3600 invenerit,
936 3524 972 3581 et
994 3523 1112 3584 tamon
1131 3513 1230 3585 idem
1251 3513 1363 3584 Scire

267 3648 403 3737 volam,
429 3657 600 3741 quantum
623 3648 775 3741 simplex
795 3645 991 3740 hilarisque
1011 3647 1135 3739 nepoti
1150 3647 1365 3741 Discrepet,

267 3794 303 3852 ot
319 3794 489 3876 quantum
506 3785 686 3854 discordet
700 3803 831 3876 pareus
847 3805 967 3856 avaro.
992 3777 1111 3857 Distat
1124 3780 1230 3872 enim,
1245 3805 1366 3876 epar-

240 3963 242 3968 ,
265 3939 327 4008 gas
342 3887 402 3994 tna
409 3920 593 4014 prodigus,
613 3945 657 3994 an
672 3941 790 4010 neque
806 3927 989 4009 sumptum
996 3917 1131 3990 Invitus
1144 3915 1264 4006 iacias,
1280 3941 1366 3988 ne-

266 4070 336 4138 que
358 4053 465 4140 plura
484 4077 614 4146 parare
640 4053 800 4143 laborem
829 4051 881 4124 Ao
901 4051 1040 4143 potius,
1072 4075 1164 4142 puer
1189 4063 1231 4124 ut
1251 4053 1370 4123 festis

126 4205 136 4266 ιμ
265 4181 542 4274 quinquatribus
564 4191 667 4277 olim,
690 4187 832 4284 Exiguo
846 4194 1020 4282 gratoque
1035 4186 1168 4258 fruaris
1182 4196 1366 4286 tempore

263 4313 431 4404 rapdmf‘
500 4321 708 4410 Rhombus,
748 4323 875 4413 piscia,
918 4317 1044 4403 onena,
1087 4319 1214 4404 Athen.
1245 4347 1277 4415 7.
1313 4323 1369 4390 in

263 4433 398 4518 deliciis
414 4451 589 4534 Romanae
602 4479 736 4524 mensoe
748 4458 960 4551 ponebatur.
987 4455 1080 4528 Hor.
1096 4457 1167 4530 Sat
1182 4481 1214 4548 1,
1225 4481 1258 4551 a,
1271 4483 1282 4524 ι
1295 4455 1368 4524 16.
