3046 5206
234 382 304 454 525
426 383 431 402 '
647 399 735 450 sar.
763 401 843 465 mn,
873 403 927 472 ¹9·

232 659 307 728 sole
321 655 512 727 utebantur
528 655 694 726 Romani.
748 655 867 726 certae
888 655 1020 726 aedium
1043 665 1163 747 partes
1177 651 1319 724 solariis

231 787 501 896 (heliocaminos
523 783 613 859 dixit
635 789 772 864 Plinius
793 790 861 884 Ep.
886 811 920 876 a,
948 811 1003 880 17,
1030 786 1100 882 η.)
1132 799 1237 860 erant
1256 789 1319 858 in·

232 936 395 1024 structae,
421 923 485 993 ubi
508 925 669 996 solebant
688 923 855 1020 apricari.
887 924 1002 996 Plaut.
1026 923 1104 1036 Mil
1125 924 1215 1016 glor.
1233 944 1267 1011 e,
1281 918 1319 1034 '5'

232 1060 291 1152 69.
324 1058 470 1130 Sueton.
493 1057 618 1131 claud.
642 1083 696 1130 ιο.
728 1058 823 1130 Plin.
847 1059 916 1152 Ep.
944 1061 978 1146 5,
1000 1057 1035 1148 6,
1059 1083 1114 1152 17.
1156 1056 1317 1130 Macrob.

194 1249 197 1256 .
231 1193 373 1264 Saturn.
400 1213 434 1280 s,
459 1193 493 1263 4.
519 1215 588 1276 neo
611 1192 803 1286 voluptatis
834 1204 990 1281 tanton,
1020 1193 1085 1262 sed
1105 1189 1317 1274 valemdinis

229 1327 341 1440 etiarn
361 1349 502 1416 caussa,
528 1327 630 1401 ouius
649 1327 748 1402 inter
765 1321 935 1420 praesidia
946 1326 1144 1424 habebant,
1158 1310 1163 1332 '
1178 1325 1217 1392 in
1232 1297 1317 1410 sole,

232 1463 263 1530 si
287 1475 428 1533 careret
448 1472 590 1551 vento,
617 1461 762 1549 sedere,
807 1462 946 1550 iacere,
984 1459 1169 1534 ambtdare
1190 1458 1317 1530 nudos.

232 1595 322 1674 Plin.
340 1596 403 1690 Ep
423 1581 566 1684 uni.

312 1885 367 1958 19·
418 1865 637 1958 ‚,Exspeota‚
672 1863 758 1936 dnm
781 1865 905 1936 midias
927 1873 1209 1962 praetereuntem
1225 1860 1319 1932 hane

171 2077 177 2086 ,
232 2021 363 2086 enum,
395 1999 536 2072 olerum
558 1997 814 2089 venditricem,
850 2025 931 2094 quoe
951 2001 1189 2096 interrogata,
1222 1999 1320 2069 idem

233 2157 451 2226 responsura
465 2144 529 2220 est,
555 2133 623 2234 sibi
640 2131 814 2209 nimirum
830 2135 972 2206 luorum
981 2186 991 2224 ‚
1016 2146 1057 2207 ut
1072 2134 1137 2207 tibi
1152 2103 1319 2225 volupta-

232 2277 317 2355 tem,
342 2287 418 2334 esse
433 2286 614 2332 summum
632 2263 804 2350 bonum.“
846 2269 994 2338 Festum
1009 2269 1196 2378 insolentis
1212 2269 1320 2338 iuve-

232 2398 287 2466 nis
314 2385 493 2481 retundit,
532 2391 713 2464 vilissimae
742 2417 827 2466 enm
858 2397 1080 2467 mulierculae
1108 2400 1318 2468 assimilans.

232 2532 306 2602 P'ro
325 2537 497 2622 exspecta
513 2525 700 2598 tlarcilius
716 2551 788 2616 „en
809 2531 952 2622 specta“
971 2529 1163 2622 legendum
1180 2529 1318 2614 suadet,
1363 2552 1372 2568 ·
1426 2521 1432 2530 ’

143 2645 147 2654 ’
235 2665 326 2734 duee
348 2659 564 2749 Scholiasta,
589 2662 653 2756 qni
674 2664 837 2756 exponit:
875 2665 1073 2757 „inspioe.“
1106 2663 1320 2760 [tectionem
1379 2689 1387 2719 ι

233 2809 353 2870 tamen
378 2793 558 2890 vulgatam
579 2807 735 2870 etvetus
756 2795 818 2868 ille
838 2799 1020 2890 interpres
1035 2810 1072 2899 et
1086 2799 1187 2870 codd.
1203 2797 1321 2868 nostri

235 2955 367 3003 omnes.
376 2943 529 3006 servant.
587 2931 663 3004 Nec
681 2955 771 3024 opus
786 2940 840 3004 est
856 2933 1125 3024 emendatione,
1149 2953 1231 3016 cum
1250 2933 1322 3004 hoe

235 3067 387 3140 verbum
409 3067 541 3160 eaepius
562 3069 639 3138 sine
661 3067 800 3142 obiecto
826 3077 1039 3160 usurpetur,
1066 3078 1103 3140 et
1121 3067 1157 3138 h
1179 3067 1203 3138 l
1226 3091 1320 3172 pro-

235 3201 353 3292 priam
378 3202 480 3294 'quasi
503 3190 685 3274 notionem
711 3201 856 3276 exhibet
872 3211 976 3302 putre
998 3202 1203 3296 spectandi,
1225 3205 1320 3274 unde

236 3303 457 3426 praestolari,
497 3305 596 3428 qnod
624 3337 711 3410 durn
735 3347 927 3410 vertunum
950 3335 1107 3430 aliquem
1129 3337 1319 3430 praestole-
1408 3373 1416 3382 -

107 3565 111 3574 ¹
236 3461 339 3554 mur,
370 3465 581 3560 frequentor
606 3464 792 3560 adspicere
815 3469 982 3544 solemus.
1038 3473 1057 3542 1
1084 3470 1183 3544 vel
1168 3495 1181 3540 ι
1210 3493 1317 3556 nunc,

237 3599 392 3672 formula
406 3600 590 3672 irridentis
603 3601 662 3674 vel
676 3604 913 3726 increpantis5
938 3605 1155 3694 „Concessio
1171 3615 1225 3676 est
1238 3591 1317 3676 dis-

82 3777 87 3800 .
199 3737 201 3742 ’
237 3736 471 3816 simulationis
494 3745 529 3808 et
555 3735 903 3830 irrisionis'plena,··
922 3763 993 3836 qua
1013 3750 1165 3810 utuntur
1186 3738 1320 3826 Latini,

238 3894 318 3940 oum
334 3841 391 3942 vel
405 3895 426 3940 a
440 3895 481 3944 re
494 3872 661 3966 quapiam
676 3873 869 3962 deterrent,
882 3873 940 3950 vel
953 3871 1090 3968 aliquid
1103 3875 1322 3968 improbant,

236 4001 293 4074 vel
315 4001 397 4072 fieri
418 4029 490 4076 non
520 4029 625 4098 posse
654 4007 888 4100 significant.“
935 4007 1135 4104 Lambinus
1158 4013 1202 4082 ad
1223 4007 1320 4078 llor.

237 4135 347 4226 Epist.
368 4159 398 4222 ι,
413 4137 448 4224 6,
469 4163 522 4226 17·
575 4141 831 4216 Graeoiitema
824 4151 887 4210 ’'tl
912 4151 997 4216 lave
982 4179 1048 4214 vva
1083 4145 1261 4218 Homll
1287 4145 1321 4232 5,

239 4271 320 4340 452.
348 4269 393 4338 cf.
416 4269 517 4368 Virg.
538 4275 621 4348 AEn.
648 4299 681 4370 7,
705 4279 789 4360 495.Ι
817 4279 957 4374 9,654.
985 4283 1143 4356 Iuvenol
1166 4304 1222 4372 ιο,
1238 4281 1321 4356 510

241 4409 368 4500 ¹²>57
