3052 5202
450 377 473 452 -'
569 420 657 480 sm.
681 408 888 496 11.,55.ee.
1148 373 1272 496 ,ioe'

169 685 239 756 bus
253 695 438 757 consueto.
488 683 576 782 Spei
599 707 738 758 maore
761 707 907 756 sensnm
921 683 1008 760 item
1023 686 1183 760 alienum
1198 689 1258 762 ei-

169 818 298 888 fictum
313 816 443 908 inisse,
468 819 514 890 ed
527 843 560 894 v.
577 819 635 890 52.
661 818 829 890 diximus.
880 819 1027 912 Koenig
1043 819 1089 894 de
1102 818 1183 911 ipso
1197 821 1259 890 in-

168 947 273 1022 fante
294 949 464 1046 explicet,
490 953 714 1047 metonymia
733 975 808 1026 non
830 954 976 1048 quidem
999 952 1156 1028 insolite
1208 954 1262 1026 Ite

170 1087 218 1158 ed
229 1085 544 1182 inmmregina:
569 1089 682 1178 „Spes
694 1095 736 1156 tc
752 1107 849 1156 nunc
862 1055 935 1156 uim
946 1089 1137 1160 senectaef‘
1153 1087 1259 1180 virg,

168 1219 253 1290 AEn.
284 1239 340 1309 12,
358 1221 430 1315 575
445 1232 483 1292 et
502 1219 716 1296 Petronius:
742 1222 852 1312 „Spes
875 1245 1020 1313 quoquo
1039 1245 1120 1294 suas
1138 1222 1274 1293 ambi--¹

168 1317 586 1425 condonassent.
612 1352 751 1422 censor
767 1375 853 1443 sero
868 1351 1029 1448 renense
1043 1354 1100 1424 on
1117 1353 1260 1445 enpu-

170 1484 252 1556 ciue'
268 1487 319 1556 ite
333 1487 471 1559 reddit:
496 1509 619 1580 „spem
635 1487 946 1558 incentionem

175 1651 180 1656 ·
250 1619 309 1693 56.
361 1619 471 1692 Nunc
481 1603 610 1693 Licini
625 1613 693 1698 &o
745 1619 916 1693 Veterem
931 1617 1169 1714 interpretem
1183 1641 1260 1696 non

171 1756 291 1828 solnm
309 1753 484 1829 fluctuare
502 1754 812 1828 cumCaseubono
833 1754 1006 1844 dixerim,
1030 1757 1130 1849 quod
1148 1755 1260 1828 Lici-

171 1891 276 1961 uinm
291 1902 327 1963 et
342 1887 518 1972 ῶωειιηι
533 1913 605 1986 pro
616 1887 779 1964 eiusdem
794 1887 953 1960 hominis
967 1890 1172 1964 nominibus
1193 1889 1269 1958 ec-'

171 2025 331 2118 ceperit,
370 2027 437 2098 sed
472 2028 583 2097 etiem
612 2025 789 2118 ineptire,
835 2023 934 2118 qnod
962 2045 1162 2130 cognomen
1188 1995 1287 2094 hoo·

171 2159 285 2228 modo
309 2179 332 2226 e
349 2159 499 2234 nomine
513 2159 668 2252 disiungi
684 2181 791 2252 posse
808 2157 973 2250 opinatus
989 2160 1052 2247 sit,
1078 2169 1115 2235 et
1131 2177 1259 2230 exem-

173 2264 340 2383 plisdre
354 2293 478 2367 alienis
498 2291 711 2364 defenderit
764 2291 963 2384 coniuncti,
975 2293 1040 2364 sed
1060 2301 1102 2364 ut
1122 2289 1259 2366 diversi
1300 2342 1307 2356 ·

171 2401 407 2502 nondnentnr
429 2427 527 2528 apud
549 2429 741 2507 Senecam:
801 2425 881 2514 „Ad
903 2441 1102 2516 summum,
1148 2448 1259 2522 quem

170 2559 272 2636 voles
294 2561 383 2636 mihi
404 2585 452 2634 ex
472 2559 549 2651 his,
563 2589 567 2600 ·
582 2583 739 2655 qnorum
751 2561 898 2632 nomine
912 2583 995 2630 curn
1008 2560 1137 2632 Crasso
1152 2559 1259 2632 Lici-
1358 2584 1359 2594 ¹

170 2661 293 2790 noqne
325 2689 622 2770 numerantur‘?“
660 2695 730 2789 Ep.
762 2667 849 2788 119,
869 2717 924 2764 ro.
997 2693 1161 2778 Dubium
1192 2701 1261 2773 est,

171 2851 281 2922 quem,
296 2828 514 2912 Licipcrum
530 2827 590 2899 vel
605 2813 833 2904 Licinioium
849 2826 1000 2898 divitum
1014 2823 1162 2902 Persius
1183 2822 1261 2915 sig*

169 2961 395 3064 nificeverit,
419 2971 545 3040 utmm
565 2960 753 3048 Licinum,
776 2959 925 3054 Augusti
950 2961 1023 3032 sive
1047 2956 1190 3034 Claudii
1208 2955 1261 3026 li-

169 3099 335 3182 bertum,
375 3117 422 3174 en
448 3093 634 3164 Licinium
653 3093 856 3164 Stoloneme
913 3093 973 3162 De
997 3077 1123 3182 priore
1145 3089 1262 3161 refert
1377 3123 1383 3144 =

170 3229 249 3314 Dio
271 3227 416 3298 Ces'sins
440 3225 500 3317 54,
521 3246 579 3306 rr,
594 3227 692 3324 quod
707 3225 850 3320 origine
866 3224 1013 3328 Gallus,
1038 3227 1082 3300 eb
1098 3223 1259 3322 Augusto
1373 3192 1377 3204 .

173 3362 290 3438 Gallis
305 3361 510 3457 praefectus,
534 3365 781 3444 auctoritatem
790 3362 992 3438 Romanam
1005 3361 1051 3437 ad
1067 3385 1154 3458 opes
1164 3383 1259 3436 con-0

171 3499 369 3595 quirendas
382 3521 490 3572 avere
507 3508 544 3572 ot
557 3498 711 3570 berbece
730 3499 963 3594 usurpaverit
969 3525 981 3593 3
1001 3500 1196 3592 quodcum
1212 3495 1259 3566 ad
1383 3485 1388 3492 ’

169 3633 371 3730 Augustum
386 3607 546 3730 deletnm
559 3654 638 3704 esee
654 3635 812 3740 audiret,
836 3647 872 3708 et
883 3637 981 3710 hunc
996 3636 1063 3704 sibi
1076 3633 1261 3702 infensum

171 3769 332 3860 rideret,
355 3767 420 3838 illo
440 3791 528 3852 uene
550 3767 596 3842 sit
617 3767 783 3846 artificio:
825 3793 909 3850 eum
931 3773 971 3840 in
984 3767 1078 3836 sedes
1093 3785 1175 3834 sues
1190 3761 1261 3832 ad·-

174 3899 298 3987 duxit,
324 3894 519 3993 multisque
535 3901 674 3993 argenti
694 3911 731 3972 et
746 3905 828 3974 euri
839 3901 1038 3987 thesauris,
1070 3901 1133 3994 qui
1153 3922 1260 3972 ecera-

174 4019 286 4112 vatim
310 4033 470 4124 congesti
493 4043 612 4118 erent,
644 4036 869 4122 monstratis,
886 4035 1007 4124 „,haec,
1031 4036 1165 4127 inquit,
1188 4036 1258 4108 do-

173 4169 293 4258 mine,
319 4167 401 4244 dete
414 4189 528 4259 opere
540 4165 593 4235 tul
607 4191 648 4240 ec
664 4169 915 4248 Romenonnn
928 4193 1034 4244 cause
1047 4171 1184 4273 collegi,
1209 4197 1257 4244 ne

174 4304 358 4400 indigenae
371 4313 468 4382 tenta
482 4303 520 4376 vi
540 4303 706 4395 pecunie
726 4287 892 4382 instructi
920 4305 1102 4400 deficient,
1133 4311 1255 4402 itaque

175 4443 295 4512 omnis
308 4441 374 4512 tibi
390 4449 527 4512 servate
542 4432 651 4517 dorio.
677 4441 762 4532 Quo
771 4442 963 4516 discrimen
975 4447 1122 4520 evasit.“
1146 4441 1257 4513 Hunc
