3052 5202
285 379 355 448 254
433 411 437 420 ·
694 395 782 446 ssu.
800 397 861 458 ω.
873 428 884 466 ,
917 379 970 464 28.
1355 357 1364 389 ²

284 661 341 730 54.
357 625 390 741 i)
448 655 504 724 De
523 651 668 724 ,lallare
696 651 746 720 ita
776 649 971 722 Turnebus
996 653 1017 722 l.
1045 679 1074 750 o,
1098 653 1245 740 „Lallus
1268 657 1369 726 Deus

283 793 392 889 luisse
416 789 575 872 videtur,
609 787 671 878 qui
695 795 862 875 praeesset
882 787 1009 856 naeniis
1031 787 1102 856 illis
1123 789 1255 877 bulbis,
1282 813 1370 882 qnos

283 928 441 998 nutrices
469 921 592 1012 pueris
624 913 794 989 oc'cinunt
823 931 860 988 et
888 938 1021 1010 pueros
1046 923 1203 992 reddere
1225 927 1368 1018 cogn‘nt.

227 1125 233 1137 .
282 1059 389 1132 Nulla
411 1055 508 1126 enim
539 1051 645 1124 litera
676 1065 747 1140 ost,
794 1077 901 1146 quam
927 1054 1068 1125 facilins
1096 1039 1224 1126 sonant
1251 1059 1370 1150 puori,

225 1243 228 1264 1
283 1188 576 1292 qnam'Lambds.
626 1187 730 1278 Quin
748 1189 856 1258 etiam
879 1191 956 1259 eins
980 1191 1184 1282 frequentia
1204 1215 1369 1260 somnum

283 1325 509 1397 inducebant
543 1322 724 1394 Ausonius
755 1323 882 1418 Epist.¹
907 1346 960 1415 ¹7·
1002 1325 1047 1394 dc
1077 1323 1152 1394 silio
1187 1326 1370 1396 Probino:

283 1461 442 1533 Nutricis
463 1455 765 1542 inter¹lemmets,
804 1457 971 1550 Lalliqne
995 1459 1209 1530 somniferor
1232 1463 1368 1530 modos.

276 1597 368 1684 flnde
385 1591 519 1664 lallare
532 1589 649 1659 Persii
664 1600 787 1659 nutum
801 1591 1058 1662 crediderim.“
1077 1593 1126 1664 Et
1137 1592 1226 1665 Adv.
1246 1619 1302 1687 19,
1313 1619 1369 1666 21.

285 1727 398 1796 citatis
419 1723 639 1817 Hieronymi
659 1723 796 1795 verbis:
837 1722 1027 1814 „Forsitan
1051 1735 1087 1794 et
1105 1725 1195 1796 lexis
1216 1729 1372 1800 uberum

282 1861 437 1955 pellibus
449 1847 587 1946 'maten
614 1869 713 1930 erata
727 1859 828 1951 rugis
845 1859 977 1945 fronte,
1004 1860 1188 1953 antiquum
1204 1861 1372 1932 reserens

285 2019 459 2066 mammae
483 1994 904 2088 lallare'congeminet,“
929 1996 1039 2083 addit,
1063 1997 1166 2066 istum
1180 1996 1369 2088 congemi-

282 2130 466 2198 nationem
495 2127 588 2195 nihil
619 2129 716 2198 alind
745 2154 841 2218 esse,
888 2153 998 2222 quam
1021 2131 1183 2201 eiusdem
1203 2129 1372 2200 carminis

283 2259 524 2346 iterationem3
548 2257 626 2325 eliis
647 2281 771 2327 vocem
800 2283 896 2345 esso,
931 2285 1003 2351 qun
1024 2265 1149 2332 nutrix
1166 2265 1210 2334 ad
1233 2265 1371 2334 lactan-

283 2387 528 2478 domimini,
558 2389 709 2482 indeque
733 2389 847 2460 Gallis
867 2391 904 2460 la
923 2413 1048 2462 vocem
1070 2417 1148 2464 esse
1171 2397 1397 2496 adhortans

194 2553 197 2560 .
282 2525 337 2595 fis·
351 2519 408 2616 ss)

303 2795 330 2880 *)
364 2797 516 2856 Mammas
548 2807 579 2856 et
605 2797 698 2856 Totas
726 2795 809 2876 apud
833 2795 989 2856 Romanos
1016 2798 1156 2860 nutrices
1178 2797 1276 2858 dictos
1298 2819 1374 2876 osse,

367 2905 481 2964 docent
504 2901 596 2960 etism
622 2899 861 2980 inscriptiones,
881 2912 918 2962 ut
938 2901 991 2974 ills
1007 2903 1114 2963 Rornae
1129 2903 1162 2964 in
1177 2903 1276 2964 hortis
1292 2907 1371 2964 Cur·
1391 2955 1395 2966 ,

366 3006 529 3088 pensibus:
564 3006 629 3080 „D.
654 2997 699 3064 M.
721 3007 752 3066 S.
777 3005 897 3066 Emilii.
920 3006 1000 3066 Nisi.
1021 3007 1121 3066 Vixit.
1140 3009 1306 3068 iliensibus.
1327 3029 1371 3068 ιι.

365 3109 463 3173 Fecit
485 3109 620 3169 valeria.
641 3110 755 3189 Hygia.
780 3110 928 3186 Nutrix,“
950 3111 1063 3172 sicum
1081 3115 1177 3173 altere
1202 3113 1240 3171 od
1262 3133 1377 3190 nquam,

366 3211 508 3290 Virginis
524 3212 720 3274 conferetur:
750 3215 840 3290 „llis
870 3219 914 3278 M.
933 3207 1259 3286 Zetlro..Corintl1ins.
1282 3219 1370 3276 'l'utm

363 3319 453 3380 Eius.
482 3317 533 3376 Et.
563 3317 850 3380 Nico.'Mamma.“
880 3321 1027 3401 Inscript.
1049 3323 1075 3382 Ι.
1099 3321 1228 3382 Gruteri
1254 3339 1283 3397 p.
1303 3319 1372 3380 662.

364 3419 496 3498 Legitur
514 3429 544 3479 et
560 3421 593 3482 in
604 3441 759 3482 marmore
768 3424 873 3504 aliquo
887 3427 1185 3506 upnrlFabrettiurn:
1206 3425 1371 3498 „lllomnne

365 3523 593 3611 pientissimae.“
612 3527 708 3585 lnscr.
721 3529 839 3608 antiqu.
858 3531 937 3610 expl.
952 3549 982 3610 p.
1001 3531 1051 3598 58.

302 3688 330 3766 *)
366 3682 431 3746 111ae
449 3697 526 3739 vero
545 3675 703 3753 nutricum
712 3680 820 3740 nseniae
837 3685 919 3762 apud
934 3692 1125 3760 retoresnon
1140 3695 1262 3758 semper
1274 3678 1373 3736 rerba

366 3791 454 3852 inere
472 3783 581 3854 balbo,
613 3795 648 3842 nt
661 3783 705 3846 att
722 3787 905 3862 Turnebus,
933 3800 964 3848 et
978 3787 1115 3846 eiusdem
1129 3785 1214 3844 vocis
1229 3783 1374 3842 iteratio-

364 3918 429 3958 ncs.
470 3895 569 3953 Erant
593 3891 687 3950 etiarn
714 3889 832 3966 „Almae
855 3892 988 3952 nutricis
1006 3891 1224 3970 blandootqne
1240 3887 1373 3948 infructu

365 3999 518 4078 loqueln.“
547 3999 675 4057 Lucret.
693 3998 812 4072 5,·231.
842 3995 1052 4076 Chrysippum
1069 4015 1191 4078 quoqne
1206 3993 1374 4064 nutricum,

369 4122 436 4180 quse
461 4100 651 4176 sdlribentur
670 4100 842 4162 insentibus
864 4103 1070 4180 allocutioni,
1107 4123 1197 4168 sunm
1220 4099 1374 4182 quoddam

369 4222 495 4262 carmen
523 4205 704 4284 assignasse,
742 4207 840 4266 tradit
860 4205 1091 4283 Quinctilienus
1114 4211 1189 4270 Inst.
1215 4207 1374 4283 1,10‚32.

366 4307 403 4368 ln
418 4307 515 4363 variis
533 4309 715 4370 Greeornm
737 4310 876 4373 cantibus
895 4311 977 4389 apud
1001 4313 1186 4374 Atlrenaenm
1204 4323 1275 4373 sunt
1292 4327 1373 4360 ”¹¹¹⁶-

366 4402 556 4480 pausatione,
584 4414 742 4474 nutricum
760 4411 941 4476 lactentium
958 4415 1136 4493 catrtilonm,
1158 4417 1308 4498 Doipnos.
1329 4415 1373 4487 14,
