2984 5204
636 455 725 508 sur.
745 459 799 524 v„
828 438 909 509 154.

230 579 1318 614 *mm-...-

228 722 306 782 tm
322 711 463 784 dicatur
486 679 877 806 upuuhuunaeumss)
936 713 1029 803 Quae
1060 737 1143 785 oum
1167 715 1217 786 ita
1237 717 1315 804 sint,
1338 797 1344 804 ,

229 845 416 941 avulgata
437 848 606 919 lectione:
652 845 854 948 „saperdas
883 835 961 920 adv.
988 847 1052 916 P.“
1070 825 1316 920 'recedendum

228 983 374 1077 quidem
395 982 554 1068 videtum
592 983 658 1052 sed
690 1005 773 1054 cum
796 979 938 1052 Bondio
962 993 995 1051 et
1017 963 1313 1091 wednerbumio

227 1107 574 1210 interpungendum:
614 1117 694 1203 En,
719 1115 921 1212 supertiam
945 1119 1027 1186 adv.
1053 1115 1100 1184 P.
1151 1115 1314 1208 Vutgatae

92 1243 96 1250 ’
228 1252 372 1344 quidem
391 1251 544 1342 propius
564 1250 709 1320 accessit
730 1249 937 1344 exemplum
954 1250 1192 1324 Pithoeamnn
1205 1260 1313 1322 vetu-

226 1383 484 1455 atissimnmh.
501 1394 625 1456 utnon
647 1385 721 1456 sine
736 1381 929 1456 violatione
948 1385 1072 1466 metri,
1095 1409 1178 1458 cum
1199 1383 1312 1477 legat:

225 1521 298 1612 „Et
319 1519 404 1614 quid
426 1540 529 1609 agam
549 1509 681 1610 rogas?
702 1541 747 1591 en
767 1491 937 1612 saperdas
960 1499 995 1624 a..
1015 1523 1091 1592 P.“'
1121 1519 1311 1624 ¹Sapcrdu,

224 1659 410 1733 σαηιρδηε,
435 1651 774 1746 lexicographorum
789 1653 870 1726 aliis
881 1666 940 1726 est
954 1655 1062 1752 piscis
1078 1679 1152 1726 non
1166 1651 1311 1746 pessimi

210 1788 375 1882 saporis,
400 1783 479 1854 aliis
495 1796 615 1856 autem
631 1787 739 1880 piscis
755 1756 827 1878 ille,
853 1790 916 1882 qui
930 1790 1118 1866 coracinus
1132 1784 1311 1862 fluviatilis

224 1923 377 2014 dicitur3
399 1917 468 1992 Iuc.
485 1919 674 2012 anorto,
700 1925 800 2017 qnod
816 1924 928 2020 magis
945 1923 1080 2018 placet,
1104 1923 1211 2017 piscis
1234 1917 1310 1990 sal·-

223 2049 295 2148 sltt‚
321 2035 776 2144 saliniacnconzevpivoe
804 2066 818 2124 ι’
824 2075 915 2140 goos·
956 2056 1308 2158 Praeleci.i1tTlte0-

221 2193 359 2288 phrasti
373 2187 534 2263 Choract
551 2193 584 2258 4.
605 2191 653 2262 cl.
668 2193 777 2285 Diog.
793 2194 916 2281 Laert.
934 2193 968 2280 6,
987 2192 1045 2266 56.
1069 2193 1131 2264 ubi
1148 2189 1318 2282 saperda,
1377 2180 1380 2193 ’

222 2346 330 2422 quam
346 2323 548 2426 Diogenes,
573 2347 706 2398 norum
722 2299 939 2418 discipulum
962 2335 1199 2418 experturus,
1225 2346 1308 2392 eum

222 2483 288 2554 per
304 2433 555 2529 urbem⁸serrc
570 2455 688 2546 iussit,
720 2456 828 2550 piscis
851 2468 905 2526 est
927 2456 1059 2528 salitus.
1111 2457 1181 2527 Cui
1206 2467 1309 2529 retus

216 2591 435 2668 scholiastes
464 2592 510 2664 ad
540 2599 705 2662 nostrum
734 2591 857 2662 locum
871 2558 1072 2678 censentit,
1103 2591 1311 2686 supertiam

195 2787 201 2800 ,
219 2753 334 2826 genus
356 2726 559 2798 salsamenti
583 2725 796 2819 explicans,
813 2727 911 2820 quod
935 2727 1101 2819 expisce
1121 2727 1171 2796 iit.
1223 2727 1308 2796 Hoc

217 2864 371 2961 piscium
393 2884 507 2955 genus
531 2859 707 2932 Romanis
731 2859 973 2934 advehebatur
995 2885 1041 2932 ex
1055 2846 1189 2948 Ponto,
1211 2860 1305 2932 Asiae

178 3099 183 3112 ‚
210 2999 370 3101 ruinosis
387 2993 577 3090 provincia
591 3015 703 3086 super
718 2995 863 3067 Euxino
885 2999 1001 3068 Ponto
1024 2996 1090 3066 sito
1113 2995 1305 3066 iuterHa-

216 3131 292 3226 lym
308 3133 457 3205 ssuvium
472 3140 508 3208 ct
523 3127 610 3198 fines
627 3127 829 3224 Colchidis,
853 3155 934 3228 quae
951 3130 1058 3202 otiam
1078 3131 1305 3226 Cappadocia

214 3265 365 3338 Pontica
382 3261 638 3358 appellabatur.
654 3263 713 3350 ⁹⁶)

219 3459 512 3478 ιιι-*Ἥ

233 3597 267 3680 *)
298 3595 385 3692 Qnip
405 3596 445 3658 do
467 3617 520 3673 eo,
541 3597 624 3676 quod
641 3597 784 3660 convicio
805 3609 851 3660 cst
865 3601 1073 3680 contrarium,
1096 3605 1229 3684 saperda
1243 3603 1302 3663 ad·

295 3703 432 3764 hibetur.
473 3704 521 3764 Ita
541 3702 644 3762 Varro
668 3699 749 3781 apud
775 3703 916 3795 Nonium
938 3727 966 3782 2,
982 3711 1052 3780 323.
1067 3709 1227 3790 supertiam
1242 3727 1303 3784 pro

238 3823 244 3830 ·
298 3807 437 3887 sapiente
461 3817 493 3868 et
513 3807 632 3896 festivo!
649 3807 762 3887 posuit.
803 3809 973 3888 „Omnes,‘¹
997 3813 1115 3892 inquit,
1135 3813 1304 3889 „videmur

297 3911 474 3978 nobiscssc
495 3913 603 3975 helluli
624 3923 656 3974 et
677 3913 783 3974 festivi
800 3917 954 3995 saperda,
981 3890 1164 3980 cumsimus
1179 3911 1304 3982 ‘’fletvs“-

209 4055 211 4062 ·
291 4015 317 4104 ,¹⁸⁹
340 4038 366 4076 e.
388 4019 509 4097 putidi;
537 4019 620 4100 quod
646 4020 784 4101 Scaliger
803 4021 848 4082 ita
869 4023 1019 4103 explicat:
1047 4024 1187 4098 „Omnes
1211 4023 1303 4086 nobis

296 4117 441 4183 vitemur
461 4143 527 4184 esso
552 4122 643 4200 belli,
672 4123 795 4202 festivi,
819 4125 890 4186 salsi
898 4171 907 4204 ‚
929 4149 999 4189 cum
1014 4137 1117 4188 tamen
1135 4127 1230 4189 simus
1249 4129 1302 4190 in-

295 4223 369 4282 sulsi
378 4268 389 4298 ,
410 4248 468 4294 nec
485 4229 519 4290 in
536 4239 602 4290 toto
620 4249 751 4310 corpore
768 4227 934 4292 habeamus
949 4231 1000 4293 vel
1014 4231 1125 4293 uticam
1140 4217 1243 4296 sulis.“
1341 4206 1346 4227 Ι

211 4373 276 4476 tl).
298 4375 443 4438 Ceterum
460 4379 609 4458 chcri,
630 4383 837 4444 recentissimi
854 4383 1044 4466 interpretis,
1064 4370 1105 4448 in
1118 4387 1149 4447 h.
1161 4385 1185 4450 l.
1197 4409 1297 4447 anno-

294 4480 370 4541 tatio
385 4479 477 4560 digna
494 4495 554 4559 cst,
579 4507 650 4566 quor
666 4505 737 4548 cum
753 4489 971 4567 superioribus
982 4491 1179 4554 conteratur:
1207 4495 1300 4568 „EM
