2932 5206
296 503 362 572 144
680 513 830 586 sarth,
860 521 930 590 107
946 522 997 592 sq.

292 777 562 862 observatione,
604 775 702 866 quod
721 774 870 846 Persius
895 773 1048 863 ‚ieviter
1069 775 1211 848 ‹licendt
1237 783 1366 872 genus“

291 910 575 1009 significaverit..
606 907 782 980 Pluteum
803 911 963 1000 caedere,
988 910 1367 1004 demordereungnes,

264 1059 408 1143 'gestus
436 1043 546 1115 animi
573 1041 767 1118 affectuum
799 1055 912 1114 nostro
942 1045 1072 1138 perciti
1103 1043 1252 1116 indices.
1290 1046 1365 1120 Vid.

148 1236 161 1250 .
289 1181 386 1254 infra
401 1181 436 1271 5,
457 1165 536 1250 ibe.
562 1178 657 1252 Hor.
671 1177 742 1250 Sat.
764 1201 796 1268 r,
816 1202 873 1268 ιο,
887 1203 946 1274 71·
971 1179 1087 1276 Epod.
1103 1180 1267 1274 5,'47.*)

367 1381 561 1476 roy-tto.
587 1378 768 1470 Monitor,
793 1379 1052 1474 disceptatione
1062 1378 1233 1454 deiectus
1252 1391 1288 1452 et
1307 1405 1368 1454 er-

288 1518 385 1589 roris
399 1515 594 1606 conuictus,
620 1524 661 1583 ut
674 1513 815 1616 habeut,
831 1532 903 1604 qno
920 1515 1114 1609 confugiat,
1136 1516 1252 1611 capite
1269 1541 1370 1612 qnae-

179 1659 184 1680 .
288 1653 413 1724 550„ss
445 1645 642 1734 derelicto,
681 1643 878 1736 improviso
907 1665 974 1715 nec
994 1657 1202 1740 praeparato
1220 1651 1371 1724 transitu

289 1787 363 1856 abit
378 1785 489 1856 inires
503 1777 609 1870 alias,
636 1779 793 1851 sordidae
815 1777 943 1851 mentis
957 1797 1275 1877 suoeflargumcnta,
1298 1788 1372 1858 sci.

287 1922 373 1992 licet
391 1919 513 1989 locum
528 1925 565 1986 et
580 1912 824 1986 conditionem
841 1920 959 2012 poetae
979 1924 1015 1984 et
1027 1912 1249 2008 periculum,
1271 1924 1371 2015 quod

288 2058 415 2128 satiras
429 2051 599 2126 scribenti
613 2047 808 2122 immineat.
858 2047 1034 2121 Mordaci
1055 2071 1141 2121 vero
1162 2051 1312 2148 respicit
1325 2057 1371 2124 ad
1409 2102 1413 2110 .

287 2169 575 2270 aledramnum
599 2181 823 2272 Stoicorum,
869 2181 1027 2253 mordax
1061 2193 1210 2257 acetum
1247 2186 1373 2277 5586.

286 2325 386 2396 Idem
408 2317 670 2390 adjectivorum
691 2317 731 2384 in
752 2324 886 2386 neutro
908 2338 1043 2408 genere
1061 2337 1133 2408 pro
1148 2321 1374 2397 substantivis

286 2463 516 2546 acceptorum
535 2473 624 2520 usus
648 2469 690 2539 a,
716 2451 775 2542 74.
809 2448 897 2520 item
925 2447 1186 2522 infinitivomm
1206 2468 1245 2526 et
1265 2459 1376 2528 totius

256 2563 259 2570 ¹
286 2587 459 2663 orationis
484 2609 523 2676 ι,
545 2608 581 2679 9.
607 2595 643 2656 et
672 2604 731 2680 27.
768 2581 810 2672 5,
840 2585 888 2656 55
910 2575 1000 2652 &cs
1048 2571 1210 2657 Teneras
1237 2591 1375 2660 rodere

281 2723 495 2811 ‘auricalco
526 2731 568 2792 ut
588 2721 745 2810 „radere
767 2741 874 2788 aures
892 2689 1088 2789 deiicatas“
1120 2719 1266 2812 Quinct.
1290 2724 1374 2794 lost.

220 2895 226 2908 ν
288 2863 323 2950 5,
343 2885 374 2949 ι,
390 2857 422 2929 5.
475 2853 574 2928 Vide
587 2854 648 2924 sic.
699 2851 781 2929 Non
804 2851 851 2924 ob
877 2851 1031 2927 ebrevc
1045 2876 1135 2948 opus
1149 2877 1229 2926 esse
1245 2879 1375 2930 ernen-

284 2995 430 3073 datione
451 2991 491 3060 in
515 2989 699 3083 „videas,“
720 2997 846 3059 contra
861 2965 1104 3062 Schraderum
1120 2989 1322 3062 Passowius
1339 3003 1378 3062 et

284 3127 446 3201 Orellius
458 3119 834 3217 monuerunbneque
849 3121 997 3214 iniuria,
1021 3125 1121 3217 quod
1134 3121 1195 3194 ille
1208 3125 1375 3226 impera-

284 3263 399 3350 tivus,
439 3259 656 3352 quandoque
684 3234 942 3331 adverbialiter
969 3257 1126 3352 positus,
1170 3269 1211 3331 ut
1241 3265 1376 3350 ‚,cavc“

283 3393 376 3466 Hor.
401 3389 473 3460 Sat.
498 3411 534 3479 a,
559 3395 594 3480 5,
618 3391 677 3462 58.
708 3411 789 3482 177.
815 3391 883 3480 Ep.
908 3411 941 3477 t,
968 3391 1025 3476 15,
1050 3411 1106 3484 19·
1134 3391 1242 3468 ovid.
1260 3395 1377 3469 Trist.

282 3503 577 3634 em·-

305 3709 338 3786 *)
369 3705 506 3784 „Versus
518 3699 553 3774 bi
566 3709 638 3764 sunt
652 3699 763 3784 inopes
776 3719 885 3766 rerum
900 3719 1049 3782 nugasque
1066 3721 1204 3782 canora,
1228 3703 1378 3772 affectata

371 3809 478 3874 omnia
500 3819 534 3871 et
554 3808 757 3890 grandisona,
785 3829 850 3870 non
873 3827 914 3869 ex
932 3807 1097 3872 affectuum
1111 3808 1176 3870 imo
1189 3829 1283 3872 sensu
1295 3831 1378 3894 pro-

368 3915 541 3991 manantia3
569 3913 644 3974 hine
669 3933 733 3974 non
758 3915 875 3992 miror,
902 3911 986 3996 quod
1005 3933 1064 3974 nec
1081 3915 1237 3978 mulceant
1251 3909 1378 3996 bccms,

368 4039 428 4082 nec
448 4019 596 4084 ‘inaniter
628 4027 757 4098 angant,
799 4041 858 4082 nec
880 4017 967 4081 salsis
990 4019 1166 4082 terroribus
1190 4020 1379 4101 impleant.“

369 4125 559 4206 Brcitingcr.
584 4125 793 4188 Proverbtum
810 4127 849 4186 ab
865 4125 905 4184 iis
917 4125 1126 4205 desumptum,
1145 4125 1199 4208 qui
1215 4145 1286 4188 cum
1299 4147 1378 4186 scn-

366 4227 537 4294 tentiarum
559 4238 614 4292 sut
637 4231 808 4294 verborum
828 4241 979 4312 urgentur
1004 4227 1129 4310 inopia,
1165 4229 1200 4290 in
1227 4231 1378 4310 pluteum

368 4331 578 4410 quotminus
596 4335 795 4397 commodum
810 4335 987 4397 irascuntur
1008 4331 1061 4416 (cf.
1072 4333 1151 4394 Hor.
1164 4337 1228 4396 Sat.
1245 4353 1275 4408 2,
1294 4338 1326 4414 3,
1348 4355 1377 4416 7.

275 4486 278 4499 .
369 4445 401 4506 8.
422 4443 455 4495 ct
474 4435 650 4515 Crnquium
671 4443 711 4502 nd
735 4441 768 4501 h.
790 4437 823 4520 Ι.)
843 4439 969 4499 videtur
987 4439 1027 4500 sd
1048 4439 1194 4502 meliores
1218 4451 1329 4524 poetas
1357 4461 1378 4499 a

369 4536 479 4604 Persic
492 4541 675 4606 amictum
689 4553 721 4608 et
734 4561 829 4606 seusu
843 4543 1002 4608 contrario
1013 4543 1199 4612 adhibitam·
