2984 5204
473 311 478 319 '
562 339 651 406 sm.
673 303 725 421 ir,
751 304 898 428 sams
1219 341 1313 414 tos·
1387 415 1391 422 ,

198 617 309 688 vitam
325 635 401 682 non
416 610 579 702 corrigis.
629 577 727 680 Ecce
742 611 851 682 aliud
867 636 962 700 cras,
989 625 1025 684 ct
1039 639 1165 688 rursus
1180 618 1289 706 aliud,

195 749 296 842 quod
308 757 347 816 tu
362 711 426 816 tilii
443 744 571 826 donari
581 742 750 835 postulas,
776 747 905 840 egerit,
924 749 1116 839 protrudet
1131 749 1198 820 Isos
1211 775 1286 820 an-

196 906 282 970 nos,
302 891 340 950 et
356 903 499 974 semper
511 877 580 948 hoe
597 903 675 948 cras
696 879 869 973 paullum
885 882 955 952 erit
969 881 1091 968 ultra,
1117 881 1286 976 aliquan-

194 1015 311 1088 tulum
326 1015 468 1086 distabit
484 1037 505 1084 a
522 1024 576 1098 te,
602 981 642 1081 ut
654 1037 851 1106 numquam
865 1014 955 1086 illud
969 1015 1083 1106 possis
1097 1017 1282 1112 attingere.

194 1152 300 1222 Idem
315 1145 496 1240 crasfiet,
530 1145 671 1238 phrasis
692 1149 886 1220 Ouidiana:
920 1149 1106 1238 „Dicimus
1123 1153 1282 1222 assidue:
1326 1226 1332 1237 ,

193 1311 274 1358 cras
288 1307 433 1378 quoque
450 1281 513 1354 fiet
526 1263 671 1354 idem.“·
685 1283 787 1353 Rem.
805 1282 884 1355 hm.
898 1287 978 1354 104.
998 1285 1042 1354 ef.
1057 1285 1141 1354 ibid.
1160 1309 1192 1354 r.
1209 1309 1281 1378 91-

193 1419 473 1514 94.Petron.45.
487 1416 575 1487 Cod.
593 1402 687 1484 unus
704 1419 800 1508 apud
807 1417 1009 1490 Achaiam:
1035 1419 1279 1508 ‚,iamlux.“*)

191 1555 408 1626 Lucrionem
423 1541 639 1644 patheticam
649 1551 765 1622 Servii
783 1551 1156 1644 apudCasaubonum:
1179 1555 1278 1640 „Iam
1301 1587 1332 1648 „s

191 1709 270 1758 cras
283 1685 491 1758 hesternum
503 1683 575 1756 heu
587 1685 920 1777 consumpsimus!“
933 1709 1007 1758 non
1022 1687 1223 1760 invenimus
1238 1683 1278 1756 in

188 1833 313 1920 nostro
328 1821 473 1906 Servio,
498 1819 633 1930 scilicet
651 1819 699 1890 ad
724 1819 826 1911 Virg.
844 1819 925 1892 AEu.
946 1825 980 1911 5,
999 1843 1053 1914 ¹9·
1072 1821 1134 1892 ubi
1151 1845 1276 1894 versus
1363 1802 1365 1810 ¹

268 2137 310 2198 sit
322 2159 364 2216 p,
392 2139 462 2218 quia
481 2158 542 2198 uon
558 2147 658 2217 potest
673 2159 703 2198 m
720 2148 790 2198 aute
809 2137 903 2199 tsine
913 2159 938 2216 p
953 2138 1090 2198 inveniri
1109 2138 1273 2218 euphoniis

153 2275 157 2286 ·
269 2261 389 2316 caussa,
409 2253 443 2304 ut
460 2255 607 2321 sumptus,
628 2253 799 2322 promptus,
820 2243 994 2322 comptus.“
1015 2242 1138 2302 Putseh.
1156 2263 1182 2302 c.
1200 2254 1271 2318 897.

269 2345 328 2408 cui
353 2355 509 2424 precepto
535 2345 684 2406 convenit
706 2343 926 2422 orthographia
949 2366 967 2404 a
992 2347 1060 2408 Car.
1075 2347 1099 2406 F
1102 2367 1137 2405 ea
1155 2345 1185 2406 iu
1202 2345 1272 2404 edi-

264 2450 349 2511 tione
371 2449 498 2510 Horatii
520 2461 666 2532 recepta:
703 2451 881 2530 ademptus,
912 2462 1089 2529 coemptus,
1119 2460 1270 2528 comptus,

263 2563 475 2634 contemptus,
501 2539 636 2634 dempsi,
661 2556 811 2634 demptus,
834 2549 1013 2632 desumpsit,
1032 2565 1162 2632 emptor,
1181 2571 1270 2631 emp-

264 2668 331 2730 tas,
352 2657 543 2734 incomptus,
564 2659 763 2736 redemptor,
785 2665 939 2733 sumptus,
957 2666 1162 2733 sumptuosus.
1205 2656 1269 2715 Ce-

169 2832 172 2845 Ι
264 2771 366 2822 terum
381 2758 438 2818 hae
456 2758 494 2816 dc
509 2779 545 2816 re
560 2758 794 2820 Ruddimannus
810 2761 883 2817 lust
899 2759 1007 2816 Gram.
1024 2759 1090 2816 Lat.
1107 2761 1131 2827 1,
1149 2777 1185 2834 p..
1197 2759 1268 2817 aas.

228 2889 231 2894 ’
261 2865 332 2945 „An
344 2885 369 2941 p
385 2861 419 2922 in
434 2860 519 2920 hisce
533 2863 683 2922 servanda
702 2862 758 2937 sit,
781 2861 831 2920 rel
848 2857 1021 2920 abiicienda
1031 2905 1039 2932 ,
1061 2861 1174 2920 acriter
1189 2881 1266 2920 cou-

262 2969 396 3030 teuduut
413 2964 639 3044 orthographiae
657 2965 879 3026 crrscudatioris
897 2961 1043 3041 malisei.
1086 2965 1168 3026 Hiue
1187 2973 1268 3024 staut

262 3071 463 3146 Victorinus,
495 3065 654 3146 Sanctius,
672 3051 874 3145 ¹,Lambinus,
899 3070 1091 3148 Dausquius,
1123 3067 1267 3130 hlethodi

262 3185 371 3238 auctor
394 3183 426 3233 et
443 3173 519 3248 alii;
546 3174 634 3236 illinc
658 3174 852 3251 Priscianus,
881 3177 1019 3248 Probus,
1040 3175 1184 3255 Lipsius,
1204 3173 1266 3231 los.
1324 3201 1327 3215 ·

227 3313 231 3330 ι
262 3279 411 3355 Castalio,
442 3282 588 3360 Bangius,
610 3281 792 3358 Cluverius,
816 3280 947 3344 Ursinus
965 3275 1001 3343 et'
1012 3285 1160 3366 pleraque
1179 3295 1265 3336 mar-

162 3449 166 3457 ,
260 3407 347 3448 mora
363 3387 516 3467 antiqua.“

195 3544 226 3619 *)
259 3539 573 3616 Procrustiuationem
589 3539 753 3604 hominum
765 3543 917 3604 Martialis
929 3544 1004 3604 scite
1015 3539 1164 3604 describit
1179 3537 1263 3597 hune

255 3647 290 3705 iu
315 3647 458 3706 modum:
502 3647 600 3721 „Cras
623 3655 654 3706 te
678 3647 855 3723 victurum,
891 3669 961 3708 eras
984 3643 1077 3720 dieis,
1106 3647 1261 3713 Postume,

256 3769 396 3830 semper;
421 3748 598 3824 Diermihi,
624 3771 691 3810 eres
706 3751 805 3828 istud,
829 3755 993 3823 Postume,
1012 3743 1262 3832 quapdopeuitl

256 3851 357 3928 Quam
385 3853 475 3930 louge
498 3873 566 3912 eras
584 3844 693 3914 istud?
726 3854 886 3916 ubi-estl'
905 3863 956 3912 aut
972 3851 1055 3912 uude
1070 3849 1262 3932 petendum?

172 4023 177 4034 ⁸
254 3955 417 4034 Numquid
439 3955 520 4033 apud
546 3957 676 4018 Parthos
705 3959 930 4038 Armeniosque
951 3956 1048 4015 latet?
1098 3955 1162 4016 lans
1191 3975 1259 4014 eras

254 4059 339 4120 istud
354 4058 446 4144 hahet
462 4059 578 4121 Priami
597 4063 646 4124 vel
666 4065 806 4126 Nestoris
824 4082 927 4121 sssuos.
951 4063 1026 4122 Cras
1043 4059 1124 4120 istud
1142 4059 1259 4138 quanti,

255 4165 306 4226 dic
325 4164 421 4240 mihi,
453 4166 550 4244 possit
573 4168 659 4226 emi?
716 4168 914 4244 Crasrives3
951 4165 1122 4228 hedieiam
1141 4164 1258 4238 vivere,

250 4273 396 4332 Postume
403 4314 414 4344 ,
436 4271 539 4330 sertim
558 4283 620 4350 est,
642 4274 700 4336 Ille
719 4273 807 4356 sapit,
831 4267 979 4357 quisquis,
1000 4274 1155 4348 Postume,
1177 4266 1260 4332 vixit

191 4419 195 4426 ·
250 4373 353 4439 heri.“
374 4376 483 4456 Epigr.
499 4379 528 4455 5,
543 4381 595 4459 59.
